<?xml version="1.0" encoding="UTF-8"?>
<!DOCTYPE html PUBLIC "-//W3C//DTD XHTML 1.0 Transitional//EN"
    "http://www.w3.org/TR/xhtml1/DTD/xhtml1-transitional.dtd">
<html xmlns="http://www.w3.org/1999/xhtml" xml:lang="en" lang="en">
 <head>
  <title>
</title>
<meta http-equiv="Content-Type" content="text/html;charset=utf-8" />
  <meta name='ocr-system' content='tesseract 3.04.00' />
  <meta name='ocr-capabilities' content='ocr_page ocr_carea ocr_par ocr_line ocrx_word'/>
</head>
<body>
  <div class='ocr_page' id='page_1' title='image "./thirteensatires06mayogoog_0195.png"; bbox 0 0 2725 4317; ppageno 0'>
   <div class='ocr_carea' id='block_1_1' title="bbox 128 309 2250 397">
    <p class='ocr_par' dir='ltr' id='par_1_1' title="bbox 128 309 2250 397">
     <span class='ocr_line' id='line_1_1' title="bbox 128 309 2250 397; baseline 0.015 -49"><span class='ocrx_word' id='word_1_1' title='bbox 128 309 453 372; x_wconf 75' lang='lat'><strong>330—334]</strong></span> <span class='ocrx_word' id='word_1_2' title='bbox 630 309 871 364; x_wconf 75' lang='lat' dir='ltr'><strong><em>smus.</em></strong></span> <span class='ocrx_word' id='word_1_3' title='bbox 939 309 1349 368; x_wconf 57' lang='lat' dir='ltr'><strong><em>Mnssnma</em></strong></span> <span class='ocrx_word' id='word_1_4' title='bbox 1418 316 1776 368; x_wconf 57' lang='lat' dir='ltr'><strong><em>mma,</em></strong></span> <span class='ocrx_word' id='word_1_5' title='bbox 2113 326 2140 376; x_wconf 85' lang='lat'>1</span> <span class='ocrx_word' id='word_1_6' title='bbox 2157 312 2250 397; x_wconf 86' lang='lat'><strong><em>69</em></strong></span> 
     </span>
    </p>
   </div>
   <div class='ocr_carea' id='block_1_2' title="bbox 119 465 2252 3972">
    <p class='ocr_par' dir='ltr' id='par_1_2' title="bbox 119 465 2252 3972">
     <span class='ocr_line' id='line_1_2' title="bbox 128 465 2247 532; baseline 0.003 -16"><span class='ocrx_word' id='word_1_7' title='bbox 128 465 196 518; x_wconf 80' lang='lat' dir='ltr'><strong><em>C.</em></strong></span> <span class='ocrx_word' id='word_1_8' title='bbox 224 467 421 517; x_wconf 78' lang='lat' dir='ltr'>Silius</span> <span class='ocrx_word' id='word_1_9' title='bbox 440 471 614 518; x_wconf 85' lang='lat' dir='ltr'><strong><em>consul</em></strong></span> <span class='ocrx_word' id='word_1_10' title='bbox 628 471 917 532; x_wconf 62' lang='lat' dir='ltr'><strong><em>designatus</em></strong></span> <span class='ocrx_word' id='word_1_11' title='bbox 928 471 1055 521; x_wconf 83' lang='lat' dir='ltr'><strong><em>with</em></strong></span> <span class='ocrx_word' id='word_1_12' title='bbox 1069 469 1350 522; x_wconf 84' lang='lat' dir='ltr'><strong><em>Messalina</em></strong></span> <span class='ocrx_word' id='word_1_13' title='bbox 1363 471 1467 520; x_wconf 87' lang='lat' dir='ltr'><strong><em>and</em></strong></span> <span class='ocrx_word' id='word_1_14' title='bbox 1489 471 1830 522; x_wconf 76' lang='lat' dir='ltr'><strong><em>their&#39;deaths</em></strong></span> <span class='ocrx_word' id='word_1_15' title='bbox 1844 479 1947 520; x_wconf 64' lang='lat' dir='ltr'><strong><em>Aa).</em></strong></span> <span class='ocrx_word' id='word_1_16' title='bbox 1968 470 2034 524; x_wconf 81' lang='lat'><strong><em>47</em></strong></span> <span class='ocrx_word' id='word_1_17' title='bbox 2049 471 2108 520; x_wconf 91' lang='lat' dir='ltr'><strong><em>in</em></strong></span> <span class='ocrx_word' id='word_1_18' title='bbox 2129 471 2247 522; x_wconf 83' lang='lat' dir='ltr'><strong><em>Tac.</em></strong></span> 
     </span>
     <span class='ocr_line' id='line_1_3' title="bbox 135 534 2252 597; baseline 0.003 -18"><span class='ocrx_word' id='word_1_19' title='bbox 135 547 195 580; x_wconf 78' lang='lat' dir='ltr'><strong><em>xr</em></strong></span> <span class='ocrx_word' id='word_1_20' title='bbox 218 534 281 580; x_wconf 82' lang='lat'><strong><em>12</em></strong></span> <span class='ocrx_word' id='word_1_21' title='bbox 300 547 426 582; x_wconf 83' lang='lat' dir='ltr'><strong><em>novo</em></strong></span> <span class='ocrx_word' id='word_1_22' title='bbox 449 541 500 582; x_wconf 91' lang='lat' dir='ltr'><strong><em>et</em></strong></span> <span class='ocrx_word' id='word_1_23' title='bbox 517 535 695 595; x_wconf 81' lang='lat' dir='ltr'><strong><em>furori</em></strong></span> <span class='ocrx_word' id='word_1_24' title='bbox 709 539 939 596; x_wconf 77' lang='lat' dir='ltr'><strong><em>proximo</em></strong></span> <span class='ocrx_word' id='word_1_25' title='bbox 961 553 1125 592; x_wconf 84' lang='lat' dir='ltr'><strong><em>amore</em></strong></span> <span class='ocrx_word' id='word_1_26' title='bbox 1148 538 1506 588; x_wconf 73' lang='lat' dir='ltr'><strong><em>distinebatur.</em></strong></span> <span class='ocrx_word' id='word_1_27' title='bbox 1567 552 1685 586; x_wconf 89' lang='lat' dir='ltr'><strong><em>nam</em></strong></span> <span class='ocrx_word' id='word_1_28' title='bbox 1706 541 1764 585; x_wconf 84' lang='lat' dir='ltr'><strong><em>in</em></strong></span> <span class='ocrx_word' id='word_1_29' title='bbox 1787 537 1842 587; x_wconf 88' lang='lat' dir='ltr'><strong><em>C.</em></strong></span> <span class='ocrx_word' id='word_1_30' title='bbox 1879 536 2131 597; x_wconf 83' lang='lat' dir='ltr'><strong><em>Silium,</em></strong></span> <span class='ocrx_word' id='word_1_31' title='bbox 2159 537 2252 586; x_wconf 83' lang='lat' dir='ltr'><strong><em>iu·-</em></strong></span> 
     </span>
     <span class='ocr_line' id='line_1_4' title="bbox 136 598 2250 661; baseline 0.004 -17"><span class='ocrx_word' id='word_1_32' title='bbox 136 598 424 645; x_wconf 82' lang='lat' dir='ltr'><strong><em>ventutis</em></strong></span> <span class='ocrx_word' id='word_1_33' title='bbox 446 598 756 648; x_wconf 75' lang='lat' dir='ltr'>Romanae</span> <span class='ocrx_word' id='word_1_34' title='bbox 778 600 1284 661; x_wconf 85' lang='lat' dir='ltr'><strong><em>pulcherrimum,</em></strong></span> <span class='ocrx_word' id='word_1_35' title='bbox 1298 604 1378 649; x_wconf 86' lang='lat' dir='ltr'><strong><em>ita</em></strong></span> <span class='ocrx_word' id='word_1_36' title='bbox 1394 608 1670 660; x_wconf 70' lang='lat' dir='ltr'><strong><em>exarserat,</em></strong></span> <span class='ocrx_word' id='word_1_37' title='bbox 1696 609 1756 650; x_wconf 89' lang='lat' dir='ltr'><strong><em>ut</em></strong></span> <span class='ocrx_word' id='word_1_38' title='bbox 1768 603 1975 652; x_wconf 85' lang='lat' dir='ltr'><strong><em>Iuniam</em></strong></span> <span class='ocrx_word' id='word_1_39' title='bbox 1998 603 2250 661; x_wconf 70' lang='lat' dir='ltr'><strong><em>Silanum,</em></strong></span> 
     </span>
     <span class='ocr_line' id='line_1_5' title="bbox 134 663 2244 727; baseline 0.004 -18"><span class='ocrx_word' id='word_1_40' title='bbox 134 663 355 710; x_wconf 81' lang='lat' dir='ltr'><strong><em>:nobilem</em></strong></span> <span class='ocrx_word' id='word_1_41' title='bbox 364 664 614 724; x_wconf 81' lang='lat' dir='ltr'><strong><em>seminam</em></strong></span> <span class='ocrx_word' id='word_1_42' title='bbox 634 667 952 713; x_wconf 84' lang='lat' dir='ltr'><strong><em>matrimonio</em></strong></span> <span class='ocrx_word' id='word_1_43' title='bbox 976 669 1084 714; x_wconf 82' lang='lat' dir='ltr'><strong><em>eius</em></strong></span> <span class='ocrx_word' id='word_1_44' title='bbox 1108 668 1397 714; x_wconf 76' lang='lat' dir='ltr'><strong><em>exturbaret</em></strong></span> <span class='ocrx_word' id='word_1_45' title='bbox 1416 681 1672 727; x_wconf 76' lang='lat' dir='ltr'><strong><em>vacuoque</em></strong></span> <span class='ocrx_word' id='word_1_46' title='bbox 1707 667 1940 716; x_wconf 85' lang='lat' dir='ltr'><strong><em>adultero</em></strong></span> <span class='ocrx_word' id='word_1_47' title='bbox 1966 673 2244 727; x_wconf 81' lang='lat' dir='ltr'><strong><em>poteretur.</em></strong></span> 
     </span>
     <span class='ocr_line' id='line_1_6' title="bbox 136 728 2252 790; baseline 0.003 -16"><span class='ocrx_word' id='word_1_48' title='bbox 136 742 297 788; x_wconf 79' lang='lat' dir='ltr'><strong><em>neque</em></strong></span> <span class='ocrx_word' id='word_1_49' title='bbox 319 728 699 790; x_wconf 73' lang='lat' dir='ltr'><strong><em>Siliusflayitii</em></strong></span> <span class='ocrx_word' id='word_1_50' title='bbox 722 737 813 776; x_wconf 84' lang='lat' dir='ltr'><strong><em>aut</em></strong></span> <span class='ocrx_word' id='word_1_51' title='bbox 834 730 1101 789; x_wconf 86' lang='lat' dir='ltr'><strong><em>periculi</em></strong></span> <span class='ocrx_word' id='word_1_52' title='bbox 1130 732 1326 779; x_wconf 87' lang='lat' dir='ltr'><strong><em>nescius</em></strong></span> <span class='ocrx_word' id='word_1_53' title='bbox 1350 737 1494 779; x_wconf 85' lang='lat' dir='ltr'><strong><em>erat:</em></strong></span> <span class='ocrx_word' id='word_1_54' title='bbox 1525 731 1614 778; x_wconf 83' lang='lat' dir='ltr'><strong><em>sed</em></strong></span> <span class='ocrx_word' id='word_1_55' title='bbox 1637 733 1828 789; x_wconf 86' lang='lat' dir='ltr'><strong><em>certe,</em></strong></span> <span class='ocrx_word' id='word_1_56' title='bbox 1859 731 1911 780; x_wconf 91' lang='lat' dir='ltr'><strong><em>si</em></strong></span> <span class='ocrx_word' id='word_1_57' title='bbox 1944 731 2252 780; x_wconf 79' lang='lat' dir='ltr'><strong><em>abnueret</em></strong></span> 
     </span>
     <span class='ocr_line' id='line_1_7' title="bbox 136 791 2252 858; baseline 0.003 -20"><span class='ocrx_word' id='word_1_58' title='bbox 136 791 343 840; x_wconf 85' lang='lat' dir='ltr'><strong><em>exitio</em></strong></span> <span class='ocrx_word' id='word_1_59' title='bbox 361 799 411 840; x_wconf 87' lang='lat' dir='ltr'><strong><em>et</em></strong></span> <span class='ocrx_word' id='word_1_60' title='bbox 431 795 677 841; x_wconf 86' lang='lat' dir='ltr'><strong><em>nonnulla</em></strong></span> <span class='ocrx_word' id='word_1_61' title='bbox 690 795 918 855; x_wconf 80' lang='lat' dir='ltr'><strong><em>fallendi</em></strong></span> <span class='ocrx_word' id='word_1_62' title='bbox 940 810 1045 856; x_wconf 87' lang='lat' dir='ltr'><strong><em>spe,</em></strong></span> <span class='ocrx_word' id='word_1_63' title='bbox 1069 797 1223 843; x_wconf 86' lang='lat' dir='ltr'><strong><em>simul</em></strong></span> <span class='ocrx_word' id='word_1_64' title='bbox 1247 797 1442 856; x_wconf 72' lang='lat' dir='ltr'><strong><em>maynis</em></strong></span> <span class='ocrx_word' id='word_1_65' title='bbox 1453 797 1718 856; x_wconf 79' lang='lat' dir='ltr'><strong><em>praemiis,</em></strong></span> <span class='ocrx_word' id='word_1_66' title='bbox 1752 798 1974 858; x_wconf 84' lang='lat' dir='ltr'><strong><em>opperiri</em></strong></span> <span class='ocrx_word' id='word_1_67' title='bbox 1989 797 2176 857; x_wconf 82' lang='lat' dir='ltr'><strong><em>sutura</em></strong></span> <span class='ocrx_word' id='word_1_68' title='bbox 2201 805 2252 845; x_wconf 90' lang='lat' dir='ltr'><strong><em>et</em></strong></span> 
     </span>
     <span class='ocr_line' id='line_1_8' title="bbox 128 859 2247 920; baseline 0.003 -17"><span class='ocrx_word' id='word_1_69' title='bbox 128 859 485 918; x_wconf 82' lang='lat' dir='ltr'><strong><em>praesentibus</em></strong></span> <span class='ocrx_word' id='word_1_70' title='bbox 497 859 615 918; x_wconf 82' lang='lat' dir='ltr'><strong><em>frui</em></strong></span> <span class='ocrx_word' id='word_1_71' title='bbox 630 873 728 919; x_wconf 83' lang='lat' dir='ltr'><strong><em>pro</em></strong></span> <span class='ocrx_word' id='word_1_72' title='bbox 750 861 939 907; x_wconf 85' lang='lat' dir='ltr'><strong><em>solacio</em></strong></span> <span class='ocrx_word' id='word_1_73' title='bbox 966 861 1197 908; x_wconf 88' lang='lat' dir='ltr'><strong><em>habebat.</em></strong></span> <span class='ocrx_word' id='word_1_74' title='bbox 1254 861 1353 908; x_wconf 91' lang='lat' dir='ltr'><strong><em>illa</em></strong></span> <span class='ocrx_word' id='word_1_75' title='bbox 1375 875 1474 908; x_wconf 85' lang='lat' dir='ltr'><strong><em>non</em></strong></span> <span class='ocrx_word' id='word_1_76' title='bbox 1486 861 1690 920; x_wconf 86' lang='lat' dir='ltr'><strong><em>furtim,</em></strong></span> <span class='ocrx_word' id='word_1_77' title='bbox 1713 861 1802 908; x_wconf 87' lang='lat' dir='ltr'><strong><em>sed</em></strong></span> <span class='ocrx_word' id='word_1_78' title='bbox 1824 863 1979 909; x_wconf 79' lang='lat' dir='ltr'><strong><em>multo</em></strong></span> <span class='ocrx_word' id='word_1_79' title='bbox 2003 863 2247 910; x_wconf 80' lang='lat' dir='ltr'><strong><em>comitatu</em></strong></span> 
     </span>
     <span class='ocr_line' id='line_1_9' title="bbox 134 923 2244 986; baseline 0.003 -18"><span class='ocrx_word' id='word_1_80' title='bbox 134 923 391 969; x_wconf 84' lang='lat' dir='ltr'><strong><em>ventitare</em></strong></span> <span class='ocrx_word' id='word_1_81' title='bbox 422 923 631 982; x_wconf 85' lang='lat' dir='ltr'><strong><em>domum,</em></strong></span> <span class='ocrx_word' id='word_1_82' title='bbox 660 924 933 984; x_wconf 70' lang='lat' dir='ltr'><strong><em>cyressibus</em></strong></span> <span class='ocrx_word' id='word_1_83' title='bbox 960 925 1331 984; x_wconf 74' lang='lat' dir='ltr'><strong><em>adhaerescere,</em></strong></span> <span class='ocrx_word' id='word_1_84' title='bbox 1357 925 1542 986; x_wconf 73' lang='lat' dir='ltr'><strong><em>laryiri</em></strong></span> <span class='ocrx_word' id='word_1_85' title='bbox 1573 939 1704 985; x_wconf 87' lang='lat' dir='ltr'><strong><em>opes,</em></strong></span> <span class='ocrx_word' id='word_1_86' title='bbox 1734 926 1953 984; x_wconf 76' lang='lat' dir='ltr'><strong><em>honores,</em></strong></span> <span class='ocrx_word' id='word_1_87' title='bbox 1976 933 2244 986; x_wconf 75' lang='lat' dir='ltr'><strong><em>postrema,</em></strong></span> 
     </span>
     <span class='ocr_line' id='line_1_10' title="bbox 134 985 2244 1051; baseline 0.003 -19"><span class='ocrx_word' id='word_1_88' title='bbox 134 985 311 1034; x_wconf 83' lang='lat' dir='ltr'><strong><em>velut</em></strong></span> <span class='ocrx_word' id='word_1_89' title='bbox 354 987 672 1036; x_wconf 85' lang='lat' dir='ltr'><strong><em>translata</em></strong></span> <span class='ocrx_word' id='word_1_90' title='bbox 715 986 837 1035; x_wconf 89' lang='lat' dir='ltr'><strong><em>iam</em></strong></span> <span class='ocrx_word' id='word_1_91' title='bbox 883 989 1137 1037; x_wconf 81' lang='lat' dir='ltr'><strong><em>fortuna</em></strong></span> <span class='ocrx_word' id='word_1_92' title='bbox 1183 988 1348 1037; x_wconf 82' lang='lat' dir='ltr'><strong><em>servi</em></strong></span> <span class='ocrx_word' id='word_1_93' title='bbox 1381 987 1600 1038; x_wconf 85' lang='lat' dir='ltr'><strong><em>liberti</em></strong></span> <span class='ocrx_word' id='word_1_94' title='bbox 1645 992 1904 1050; x_wconf 87' lang='lat' dir='ltr'><strong><em>paratus</em></strong></span> <span class='ocrx_word' id='word_1_95' title='bbox 1936 989 2244 1051; x_wconf 86' lang='lat' dir='ltr'><strong><em>principis</em></strong></span> 
     </span>
     <span class='ocr_line' id='line_1_11' title="bbox 136 1049 2251 1112; baseline 0.003 -15"><span class='ocrx_word' id='word_1_96' title='bbox 136 1049 305 1112; x_wconf 89' lang='lat' dir='ltr'><strong><em>apud</em></strong></span> <span class='ocrx_word' id='word_1_97' title='bbox 348 1050 705 1100; x_wconf 88' lang='lat' dir='ltr'><strong><em>adulterum</em></strong></span> <span class='ocrx_word' id='word_1_98' title='bbox 742 1052 1121 1102; x_wconf 86' lang='lat' dir='ltr'><strong><em>visebantur.</em></strong></span> <span class='ocrx_word' id='word_1_99' title='bbox 1188 1054 1258 1103; x_wconf 87' lang='lat' dir='ltr'><strong><em>ib.</em></strong></span> <span class='ocrx_word' id='word_1_100' title='bbox 1296 1054 1361 1102; x_wconf 86' lang='grc'><strong><em>26</em></strong></span> <span class='ocrx_word' id='word_1_101' title='bbox 1399 1067 1502 1101; x_wconf 67' lang='lat' dir='ltr'><strong><em>Am.</em></strong></span> <span class='ocrx_word' id='word_1_102' title='bbox 1530 1054 1596 1102; x_wconf 84' lang='lat'><strong><em>48</em></strong></span> <span class='ocrx_word' id='word_1_103' title='bbox 1629 1057 1736 1104; x_wconf 85' lang='lat' dir='ltr'><strong><em>iam</em></strong></span> <span class='ocrx_word' id='word_1_104' title='bbox 1767 1055 2049 1104; x_wconf 86' lang='lat' dir='ltr'><strong><em>Messalina</em></strong></span> <span class='ocrx_word' id='word_1_105' title='bbox 2180 1058 2251 1104; x_wconf 86' lang='lat' dir='ltr'><strong><em>ad</em></strong></span> 
     </span>
     <span class='ocr_line' id='line_1_12' title="bbox 134 1117 2248 1180; baseline 0.002 -16"><span class='ocrx_word' id='word_1_106' title='bbox 134 1117 422 1176; x_wconf 61' lang='lat' dir='ltr'><strong><em>incognitas</em></strong></span> <span class='ocrx_word' id='word_1_107' title='bbox 446 1117 679 1165; x_wconf 78' lang='lat' dir='ltr'><strong><em>libidines</em></strong></span> <span class='ocrx_word' id='word_1_108' title='bbox 702 1119 995 1180; x_wconf 84' lang='lat' dir='ltr'><strong><em>profluebat,</em></strong></span> <span class='ocrx_word' id='word_1_109' title='bbox 1018 1134 1131 1167; x_wconf 88' lang='lat' dir='ltr'><strong><em>cum</em></strong></span> <span class='ocrx_word' id='word_1_110' title='bbox 1152 1121 1386 1180; x_wconf 78' lang='lat' dir='ltr'><strong><em>abrumpi</em></strong></span> <span class='ocrx_word' id='word_1_111' title='bbox 1409 1119 1865 1168; x_wconf 74' lang='lat' dir='ltr'><strong><em>dissimulationem</em></strong></span> <span class='ocrx_word' id='word_1_112' title='bbox 1887 1121 2038 1167; x_wconf 87' lang='lat' dir='ltr'><strong><em>etiam</em></strong></span> <span class='ocrx_word' id='word_1_113' title='bbox 2066 1121 2248 1176; x_wconf 80' lang='lat' dir='ltr'><strong><em>Silius,</em></strong></span> 
     </span>
     <span class='ocr_line' id='line_1_13' title="bbox 133 1182 2248 1244; baseline 0.002 -17"><span class='ocrx_word' id='word_1_114' title='bbox 133 1183 245 1229; x_wconf 83' lang='lat' dir='ltr'><strong><em>sive</em></strong></span> <span class='ocrx_word' id='word_1_115' title='bbox 281 1182 449 1243; x_wconf 79' lang='lat' dir='ltr'><strong><em>fatali</em></strong></span> <span class='ocrx_word' id='word_1_116' title='bbox 492 1183 763 1230; x_wconf 82' lang='lat' dir='ltr'><strong><em>vaecordia</em></strong></span> <span class='ocrx_word' id='word_1_117' title='bbox 808 1197 877 1230; x_wconf 82' lang='lat' dir='ltr'><strong><em>an</em></strong></span> <span class='ocrx_word' id='word_1_118' title='bbox 918 1183 1386 1232; x_wconf 88' lang='lat' dir='ltr'><strong><em>imminentium</em></strong></span> <span class='ocrx_word' id='word_1_119' title='bbox 1442 1183 1864 1244; x_wconf 77' lang='lat' dir='ltr'><strong><em>periculorum</em></strong></span> <span class='ocrx_word' id='word_1_120' title='bbox 1908 1183 2248 1233; x_wconf 87' lang='lat' dir='ltr'><strong><em>remedium</em></strong></span> 
     </span>
     <span class='ocr_line' id='line_1_14' title="bbox 133 1245 2249 1310; baseline 0.002 -18"><span class='ocrx_word' id='word_1_121' title='bbox 133 1245 279 1306; x_wconf 87' lang='lat' dir='ltr'><strong><em>ipsa</em></strong></span> <span class='ocrx_word' id='word_1_122' title='bbox 321 1245 493 1307; x_wconf 89' lang='lat' dir='ltr'><strong><em>peric</em></strong></span> <span class='ocrx_word' id='word_1_123' title='bbox 504 1247 607 1294; x_wconf 87' lang='lat' dir='ltr'><strong><em>ula</em></strong></span> <span class='ocrx_word' id='word_1_124' title='bbox 648 1249 837 1305; x_wconf 83' lang='lat' dir='ltr'><strong><em>ratus,</em></strong></span> <span class='ocrx_word' id='word_1_125' title='bbox 882 1250 1156 1308; x_wconf 76' lang='lat' dir='ltr'><strong><em>uryuebat:</em></strong></span> <span class='ocrx_word' id='word_1_126' title='bbox 1200 1251 1383 1310; x_wconf 78' lang='lat' dir='ltr'><strong><em>quippe</em></strong></span> <span class='ocrx_word' id='word_1_127' title='bbox 1419 1263 1523 1296; x_wconf 86' lang='lat' dir='ltr'><strong><em>non</em></strong></span> <span class='ocrx_word' id='word_1_128' title='bbox 1560 1264 1616 1297; x_wconf 89' lang='lat' dir='ltr'><strong><em>eo</em></strong></span> <span class='ocrx_word' id='word_1_129' title='bbox 1653 1255 1858 1296; x_wconf 84' lang='lat' dir='ltr'><strong><em>ventum</em></strong></span> <span class='ocrx_word' id='word_1_130' title='bbox 1899 1256 1960 1296; x_wconf 86' lang='lat' dir='ltr'><strong><em>ut</em></strong></span> <span class='ocrx_word' id='word_1_131' title='bbox 2003 1256 2249 1298; x_wconf 82' lang='lat' dir='ltr'><strong><em>senectam</em></strong></span> 
     </span>
     <span class='ocr_line' id='line_1_15' title="bbox 132 1312 2248 1376; baseline 0.003 -18"><span class='ocrx_word' id='word_1_132' title='bbox 132 1312 389 1372; x_wconf 80' lang='lat' dir='ltr'><strong><em>principis</em></strong></span> <span class='ocrx_word' id='word_1_133' title='bbox 412 1313 761 1373; x_wconf 77' lang='lat' dir='ltr'><strong><em>opperirentur</em></strong></span> <span class='ocrx_word' id='word_1_134' title='bbox 888 1315 1107 1373; x_wconf 67' lang='lat' dir='ltr'><strong><em>segniter</em></strong></span> <span class='ocrx_word' id='word_1_135' title='bbox 1136 1315 1231 1362; x_wconf 85' lang='lat' dir='ltr'><strong><em>hac</em></strong></span> <span class='ocrx_word' id='word_1_136' title='bbox 1253 1328 1396 1362; x_wconf 87' lang='lat' dir='ltr'><strong><em>voces</em></strong></span> <span class='ocrx_word' id='word_1_137' title='bbox 1420 1321 1655 1376; x_wconf 81' lang='lat' dir='ltr'><strong><em>acceptae</em></strong></span> <span class='ocrx_word' id='word_1_138' title='bbox 1784 1327 2008 1362; x_wconf 87' lang='lat' dir='ltr'><strong><em>nomen</em></strong></span> <span class='ocrx_word' id='word_1_139' title='bbox 2041 1316 2248 1364; x_wconf 89' lang='lat' dir='ltr'><strong><em>tamen</em></strong></span> 
     </span>
     <span class='ocr_line' id='line_1_16' title="bbox 132 1375 2248 1440; baseline 0.001 -18"><span class='ocrx_word' id='word_1_140' title='bbox 132 1375 535 1424; x_wconf 78' lang='lat' dir='ltr'><strong><em>matrimonii</em></strong></span> <span class='ocrx_word' id='word_1_141' title='bbox 598 1377 956 1438; x_wconf 83' lang='lat' dir='ltr'><strong><em>concupivit</em></strong></span> <span class='ocrx_word' id='word_1_142' title='bbox 1025 1380 1085 1426; x_wconf 85' lang='lat' dir='ltr'><strong><em>ob</em></strong></span> <span class='ocrx_word' id='word_1_143' title='bbox 1150 1379 1550 1438; x_wconf 75' lang='lat' dir='ltr'><strong><em>maynitudinem</em></strong></span> <span class='ocrx_word' id='word_1_144' title='bbox 1600 1379 1849 1440; x_wconf 76' lang='lat' dir='ltr'><strong><em>infamiae</em></strong></span> <span class='ocrx_word' id='word_1_145' title='bbox 2025 1381 2248 1426; x_wconf 87' lang='lat' dir='ltr'><strong><em>cuncta</em></strong></span> 
     </span>
     <span class='ocr_line' id='line_1_17' title="bbox 132 1438 2246 1500; baseline 0.002 -13"><span class='ocrx_word' id='word_1_146' title='bbox 132 1438 505 1500; x_wconf 78' lang='lat' dir='ltr'><strong><em>nuptiarum</em></strong></span> <span class='ocrx_word' id='word_1_147' title='bbox 542 1442 871 1490; x_wconf 79' lang='lat' dir='ltr'><strong><em>sollemnia</em></strong></span> <span class='ocrx_word' id='word_1_148' title='bbox 914 1442 1207 1492; x_wconf 77' lang='lat' dir='ltr'><strong><em>celebrat.</em></strong></span> <span class='ocrx_word' id='word_1_149' title='bbox 1248 1445 1345 1492; x_wconf 84' lang='lat' dir='ltr'><strong><em>sat.</em></strong></span> <span class='ocrx_word' id='word_1_150' title='bbox 1395 1456 1484 1490; x_wconf 81' lang='lat' dir='ltr'><strong><em>xrv</em></strong></span> <span class='ocrx_word' id='word_1_151' title='bbox 1521 1444 1761 1493; x_wconf 68' lang='lat'><strong>329—31.</strong></span> <span class='ocrx_word' id='word_1_152' title='bbox 1834 1443 2028 1492; x_wconf 83' lang='lat' dir='ltr'><strong><em>DCass,</em></strong></span> <span class='ocrx_word' id='word_1_153' title='bbox 2069 1457 2135 1490; x_wconf 74' lang='lat' dir='ltr'><strong><em>nx</em></strong></span> <span class='ocrx_word' id='word_1_154' title='bbox 2169 1445 2246 1492; x_wconf 82' lang='grc'><strong><em>31.</em></strong></span> 
     </span>
     <span class='ocr_line' id='line_1_18' title="bbox 134 1504 2244 1566; baseline 0.002 -14"><span class='ocrx_word' id='word_1_155' title='bbox 134 1504 304 1552; x_wconf 84' lang='lat' dir='ltr'><strong><em>Other</em></strong></span> <span class='ocrx_word' id='word_1_156' title='bbox 325 1519 631 1566; x_wconf 85' lang='lat' dir='ltr'><strong><em>paramours</em></strong></span> <span class='ocrx_word' id='word_1_157' title='bbox 652 1507 707 1554; x_wconf 85' lang='lat' dir='ltr'><strong><em>of</em></strong></span> <span class='ocrx_word' id='word_1_158' title='bbox 727 1507 881 1556; x_wconf 80' lang='lat' dir='ltr'><strong><em>Mese.</em></strong></span> <span class='ocrx_word' id='word_1_159' title='bbox 902 1507 1141 1556; x_wconf 86' lang='lat' dir='ltr'><strong><em>Plautius</em></strong></span> <span class='ocrx_word' id='word_1_160' title='bbox 1163 1508 1453 1556; x_wconf 81' lang='lat' dir='ltr'><strong><em>Lateranus</em></strong></span> <span class='ocrx_word' id='word_1_161' title='bbox 1477 1507 1594 1558; x_wconf 85' lang='lat' dir='ltr'><strong><em>Tac.</em></strong></span> <span class='ocrx_word' id='word_1_162' title='bbox 1618 1521 1717 1555; x_wconf 87' lang='lat' dir='ltr'>x111</span> <span class='ocrx_word' id='word_1_163' title='bbox 1736 1509 1825 1566; x_wconf 90' lang='grc'><strong><em>11;</em></strong></span> <span class='ocrx_word' id='word_1_164' title='bbox 1851 1507 1940 1556; x_wconf 90' lang='lat' dir='ltr'><strong><em>the</em></strong></span> <span class='ocrx_word' id='word_1_165' title='bbox 1957 1508 2244 1556; x_wconf 89' lang='lat' dir='ltr'><strong><em>handsome</em></strong></span> 
     </span>
     <span class='ocr_line' id='line_1_19' title="bbox 133 1569 2246 1636; baseline 0.001 -18"><span class='ocrx_word' id='word_1_166' title='bbox 133 1573 283 1618; x_wconf 85' lang='lat' dir='ltr'><strong><em>actor</em></strong></span> <span class='ocrx_word' id='word_1_167' title='bbox 303 1569 536 1618; x_wconf 81' lang='lat' dir='ltr'><strong><em>Mnester</em></strong></span> <span class='ocrx_word' id='word_1_168' title='bbox 556 1570 626 1618; x_wconf 90' lang='lat' dir='ltr'><strong><em>ib.</em></strong></span> <span class='ocrx_word' id='word_1_169' title='bbox 646 1572 727 1620; x_wconf 87' lang='lat'><strong><em>28.</em></strong></span> <span class='ocrx_word' id='word_1_170' title='bbox 747 1572 809 1620; x_wconf 83' lang='lat'><strong><em>36</em></strong></span> <span class='ocrx_word' id='word_1_171' title='bbox 836 1571 920 1636; x_wconf 88' lang='lat' dir='ltr'><strong><em>(he</em></strong></span> <span class='ocrx_word' id='word_1_172' title='bbox 942 1574 1165 1632; x_wconf 83' lang='lat' dir='ltr'><strong><em>protests</em></strong></span> <span class='ocrx_word' id='word_1_173' title='bbox 1190 1574 1314 1623; x_wconf 84' lang='lat' dir='ltr'><strong><em>aliis</em></strong></span> <span class='ocrx_word' id='word_1_174' title='bbox 1339 1575 1611 1634; x_wconf 74' lang='lat' dir='ltr'><strong><em>laryitione</em></strong></span> <span class='ocrx_word' id='word_1_175' title='bbox 1635 1579 1727 1620; x_wconf 86' lang='lat' dir='ltr'><strong><em>aut</em></strong></span> <span class='ocrx_word' id='word_1_176' title='bbox 1747 1575 1854 1635; x_wconf 89' lang='lat' dir='ltr'><strong><em>spei</em></strong></span> <span class='ocrx_word' id='word_1_177' title='bbox 1878 1574 2246 1634; x_wconf 70' lang='lat' dir='ltr'><strong><em>maynitudine,</em></strong></span> 
     </span>
     <span class='ocr_line' id='line_1_20' title="bbox 132 1634 2246 1697; baseline 0.001 -15"><span class='ocrx_word' id='word_1_178' title='bbox 132 1634 260 1682; x_wconf 87' lang='lat' dir='ltr'><strong><em>sibi</em></strong></span> <span class='ocrx_word' id='word_1_179' title='bbox 294 1649 367 1682; x_wconf 81' lang='lat' dir='ltr'><strong><em>ex</em></strong></span> <span class='ocrx_word' id='word_1_180' title='bbox 397 1635 783 1684; x_wconf 77' lang='lat' dir='ltr'><strong><em>necessitate</em></strong></span> <span class='ocrx_word' id='word_1_181' title='bbox 816 1637 1079 1696; x_wconf 85' lang='lat' dir='ltr'><strong><em>culpam.</em></strong></span> <span class='ocrx_word' id='word_1_182' title='bbox 1150 1637 1341 1686; x_wconf 86' lang='lat' dir='ltr'><strong><em>DCass.</em></strong></span> <span class='ocrx_word' id='word_1_183' title='bbox 1373 1651 1440 1685; x_wconf 74' lang='lat' dir='ltr'><strong><em>Lx</em></strong></span> <span class='ocrx_word' id='word_1_184' title='bbox 1465 1639 1528 1684; x_wconf 86' lang='lat'><strong><em>22</em></strong></span> <span class='ocrx_word' id='word_1_185' title='bbox 1551 1640 1609 1697; x_wconf 67' lang='lat' dir='ltr'><strong><em>§g</em></strong></span> <span class='ocrx_word' id='word_1_186' title='bbox 1635 1638 1762 1685; x_wconf 84' lang='lat'><strong><em>3—5</em></strong></span> <span class='ocrx_word' id='word_1_187' title='bbox 1787 1637 2053 1696; x_wconf 78' lang='lat' dir='ltr'><strong><em>Claudiae,</em></strong></span> <span class='ocrx_word' id='word_1_188' title='bbox 2077 1636 2246 1684; x_wconf 85' lang='lat' dir='ltr'><strong><em>ather</em></strong></span> 
     </span>
     <span class='ocr_line' id='line_1_21' title="bbox 131 1699 2244 1762; baseline 0.002 -16"><span class='ocrx_word' id='word_1_189' title='bbox 131 1699 370 1760; x_wconf 82' lang='lat' dir='ltr'><strong><em>bidding,</em></strong></span> <span class='ocrx_word' id='word_1_190' title='bbox 399 1699 611 1751; x_wconf 84' lang='lat' dir='ltr'><strong><em>ordered</em></strong></span> <span class='ocrx_word' id='word_1_191' title='bbox 637 1700 867 1748; x_wconf 84' lang='lat' dir='ltr'><strong><em>Mnester</em></strong></span> <span class='ocrx_word' id='word_1_192' title='bbox 888 1704 944 1748; x_wconf 81' lang='lat' dir='ltr'><strong><em>to</em></strong></span> <span class='ocrx_word' id='word_1_193' title='bbox 968 1701 1033 1748; x_wconf 89' lang='lat' dir='ltr'><strong><em>do</em></strong></span> <span class='ocrx_word' id='word_1_194' title='bbox 1055 1701 1314 1750; x_wconf 82' lang='lat' dir='ltr'><strong><em>whatever</em></strong></span> <span class='ocrx_word' id='word_1_195' title='bbox 1344 1701 1438 1749; x_wconf 86' lang='lat' dir='ltr'><strong><em>she</em></strong></span> <span class='ocrx_word' id='word_1_196' title='bbox 1467 1701 1703 1762; x_wconf 83' lang='lat' dir='ltr'><strong><em>required</em></strong></span> <span class='ocrx_word' id='word_1_197' title='bbox 1737 1702 1791 1749; x_wconf 87' lang='lat' dir='ltr'><strong><em>of</em></strong></span> <span class='ocrx_word' id='word_1_198' title='bbox 1825 1701 1968 1762; x_wconf 84' lang='lat' dir='ltr'><strong><em>him3</em></strong></span> <span class='ocrx_word' id='word_1_199' title='bbox 2009 1701 2119 1749; x_wconf 86' lang='lat' dir='ltr'><strong><em>this</em></strong></span> <span class='ocrx_word' id='word_1_200' title='bbox 2141 1715 2244 1750; x_wconf 85' lang='lat' dir='ltr'><strong><em>was</em></strong></span> 
     </span>
     <span class='ocr_line' id='line_1_22' title="bbox 130 1763 2238 1827; baseline 0.002 -15"><span class='ocrx_word' id='word_1_201' title='bbox 130 1763 229 1812; x_wconf 88' lang='grc'>1161·</span> <span class='ocrx_word' id='word_1_202' title='bbox 250 1763 492 1825; x_wconf 73' lang='lat' dir='ltr'><strong><em>frequent</em></strong></span> <span class='ocrx_word' id='word_1_203' title='bbox 514 1765 751 1826; x_wconf 84' lang='lat' dir='ltr'><strong><em>practice.</em></strong></span> <span class='ocrx_word' id='word_1_204' title='bbox 819 1767 881 1814; x_wconf 84' lang='lat'><strong><em>28</em></strong></span> <span class='ocrx_word' id='word_1_205' title='bbox 904 1769 957 1826; x_wconf 59' lang='grc' dir='ltr'><strong><em>ἐξ</em></strong></span> <span class='ocrx_word' id='word_1_206' title='bbox 980 1768 1010 1813; x_wconf 89' lang='lat'><strong>3</strong></span> <span class='ocrx_word' id='word_1_207' title='bbox 1033 1766 1081 1814; x_wconf 85' lang='lat'><strong><em>4.</em></strong></span> <span class='ocrx_word' id='word_1_208' title='bbox 1150 1767 1211 1814; x_wconf 84' lang='lat'><strong><em>31</em></strong></span> <span class='ocrx_word' id='word_1_209' title='bbox 1236 1770 1263 1826; x_wconf 67' lang='lat' dir='ltr'>g</span> <span class='ocrx_word' id='word_1_210' title='bbox 1287 1767 1354 1827; x_wconf 88' lang='lat'><strong><em>6),</em></strong></span> <span class='ocrx_word' id='word_1_211' title='bbox 1380 1765 1625 1826; x_wconf 64' lang='lat' dir='ltr'><strong><em>Polybius</em></strong></span> <span class='ocrx_word' id='word_1_212' title='bbox 1652 1765 1740 1826; x_wconf 88' lang='lat' dir='ltr'><strong><em>(ib.</em></strong></span> <span class='ocrx_word' id='word_1_213' title='bbox 1767 1770 1792 1821; x_wconf 65' lang='grc' dir='ltr'>ξ</span> <span class='ocrx_word' id='word_1_214' title='bbox 1816 1768 1882 1825; x_wconf 89' lang='grc'><strong><em>2).</em></strong></span> <span class='ocrx_word' id='word_1_215' title='bbox 2233 1815 2238 1820; x_wconf 72' lang='grc'><strong><em>,</em></strong></span> 
     </span>
     <span class='ocr_line' id='line_1_23' title="bbox 350 1828 2246 1892; baseline 0.003 -16"><span class='ocrx_word' id='word_1_216' title='bbox 350 1831 459 1888; x_wconf 83' lang='grc'><strong>33],</strong></span> <span class='ocrx_word' id='word_1_217' title='bbox 494 1844 719 1878; x_wconf 71' lang='lat' dir='ltr'><strong><em>ornnes</em></strong></span> <span class='ocrx_word' id='word_1_218' title='bbox 742 1828 831 1879; x_wconf 89' lang='lat' dir='ltr'><strong><em>the</em></strong></span> <span class='ocrx_word' id='word_1_219' title='bbox 854 1845 951 1878; x_wconf 90' lang='lat' dir='ltr'><strong><em>one</em></strong></span> <span class='ocrx_word' id='word_1_220' title='bbox 973 1831 1207 1892; x_wconf 84' lang='lat' dir='ltr'><strong><em>example</em></strong></span> <span class='ocrx_word' id='word_1_221' title='bbox 1228 1831 1287 1879; x_wconf 92' lang='lat' dir='ltr'><strong><em>in</em></strong></span> <span class='ocrx_word' id='word_1_222' title='bbox 1307 1831 1420 1879; x_wconf 79' lang='lat' dir='ltr'><strong><em>Iuv,</em></strong></span> <span class='ocrx_word' id='word_1_223' title='bbox 1446 1830 1500 1877; x_wconf 87' lang='lat' dir='ltr'><strong><em>of</em></strong></span> <span class='ocrx_word' id='word_1_224' title='bbox 1521 1829 1612 1878; x_wconf 84' lang='lat' dir='ltr'><strong><em>the</em></strong></span> <span class='ocrx_word' id='word_1_225' title='bbox 1633 1830 1739 1877; x_wconf 84' lang='lat' dir='ltr'><strong><em>2nd</em></strong></span> <span class='ocrx_word' id='word_1_226' title='bbox 1761 1831 1872 1879; x_wconf 82' lang='lat' dir='ltr'><strong><em>foot</em></strong></span> <span class='ocrx_word' id='word_1_227' title='bbox 1894 1829 2167 1880; x_wconf 84' lang='lat' dir='ltr'><strong><em>contained</em></strong></span> <span class='ocrx_word' id='word_1_228' title='bbox 2189 1830 2246 1882; x_wconf 87' lang='lat' dir='ltr'><strong><em>in</em></strong></span> 
     </span>
     <span class='ocr_line' id='line_1_24' title="bbox 130 1893 2246 1956; baseline 0 -14"><span class='ocrx_word' id='word_1_229' title='bbox 130 1909 237 1942; x_wconf 88' lang='lat' dir='ltr'><strong><em>one</em></strong></span> <span class='ocrx_word' id='word_1_230' title='bbox 260 1894 481 1956; x_wconf 74' lang='lat' dir='ltr'><strong><em>dactylis</em></strong></span> <span class='ocrx_word' id='word_1_231' title='bbox 510 1894 649 1942; x_wconf 80' lang='lat' dir='ltr'><strong><em>word</em></strong></span> <span class='ocrx_word' id='word_1_232' title='bbox 682 1895 743 1942; x_wconf 89' lang='lat' dir='ltr'><strong><em>L.</em></strong></span> <span class='ocrx_word' id='word_1_233' title='bbox 768 1895 959 1943; x_wconf 82' lang='lat' dir='ltr'><strong><em>Miiller</em></strong></span> <span class='ocrx_word' id='word_1_234' title='bbox 989 1895 1052 1944; x_wconf 88' lang='lat' dir='ltr'><strong><em>de</em></strong></span> <span class='ocrx_word' id='word_1_235' title='bbox 1082 1910 1139 1943; x_wconf 88' lang='lat' dir='ltr'><strong><em>re</em></strong></span> <span class='ocrx_word' id='word_1_236' title='bbox 1170 1898 1324 1944; x_wconf 83' lang='lat' dir='ltr'><strong><em>metr.</em></strong></span> <span class='ocrx_word' id='word_1_237' title='bbox 1348 1895 1462 1943; x_wconf 88' lang='lat'>216.</span> <span class='ocrx_word' id='word_1_238' title='bbox 1529 1894 1582 1942; x_wconf 89' lang='lat' dir='ltr'><strong><em>It</em></strong></span> <span class='ocrx_word' id='word_1_239' title='bbox 1614 1894 1662 1942; x_wconf 88' lang='lat' dir='ltr'><strong><em>is</em></strong></span> <span class='ocrx_word' id='word_1_240' title='bbox 1695 1893 1860 1942; x_wconf 82' lang='lat' dir='ltr'><strong><em>found</em></strong></span> <span class='ocrx_word' id='word_1_241' title='bbox 1890 1896 1948 1943; x_wconf 91' lang='lat' dir='ltr'><strong><em>in</em></strong></span> <span class='ocrx_word' id='word_1_242' title='bbox 1991 1895 2246 1953; x_wconf 79' lang='lat' dir='ltr'><strong><em>Catullus,</em></strong></span> 
     </span>
     <span class='ocr_line' id='line_1_25' title="bbox 134 1958 2245 2021; baseline 0 -13"><span class='ocrx_word' id='word_1_243' title='bbox 134 1959 282 2016; x_wconf 83' lang='lat' dir='ltr'><strong><em>Cato,</em></strong></span> <span class='ocrx_word' id='word_1_244' title='bbox 308 1959 458 2020; x_wconf 82' lang='lat' dir='ltr'><strong><em>Verg.</em></strong></span> <span class='ocrx_word' id='word_1_245' title='bbox 481 1959 632 2021; x_wconf 85' lang='lat' dir='ltr'><strong><em>Prop.</em></strong></span> <span class='ocrx_word' id='word_1_246' title='bbox 659 1958 763 2008; x_wconf 86' lang='lat' dir='ltr'><strong><em>and</em></strong></span> <span class='ocrx_word' id='word_1_247' title='bbox 784 1961 984 2008; x_wconf 77' lang='lat' dir='ltr'><strong><em>oftener</em></strong></span> <span class='ocrx_word' id='word_1_248' title='bbox 1004 1960 1063 2008; x_wconf 88' lang='lat' dir='ltr'><strong><em>in</em></strong></span> <span class='ocrx_word' id='word_1_249' title='bbox 1084 1960 1209 2010; x_wconf 90' lang='lat' dir='ltr'><strong><em>Hor.</em></strong></span> <span class='ocrx_word' id='word_1_250' title='bbox 1285 1960 1368 2008; x_wconf 90' lang='lat' dir='ltr'><strong><em>On</em></strong></span> <span class='ocrx_word' id='word_1_251' title='bbox 1388 1959 1479 2008; x_wconf 84' lang='lat' dir='ltr'><strong><em>the</em></strong></span> <span class='ocrx_word' id='word_1_252' title='bbox 1502 1958 1768 2007; x_wconf 86' lang='lat' dir='ltr'><strong><em>character</em></strong></span> <span class='ocrx_word' id='word_1_253' title='bbox 1790 1960 1844 2007; x_wconf 76' lang='lat' dir='ltr'><strong><em>oi</em></strong></span> <span class='ocrx_word' id='word_1_254' title='bbox 1867 1959 2026 2008; x_wconf 84' lang='lat' dir='ltr'><strong><em>Silius</em></strong></span> <span class='ocrx_word' id='word_1_255' title='bbox 2048 1960 2245 2008; x_wconf 87' lang='lat' dir='ltr'><strong><em>DCass.</em></strong></span> 
     </span>
     <span class='ocr_line' id='line_1_26' title="bbox 132 2022 2246 2086; baseline 0.001 -15"><span class='ocrx_word' id='word_1_256' title='bbox 132 2038 202 2071; x_wconf 76' lang='lat' dir='ltr'><strong><em>Lx</em></strong></span> <span class='ocrx_word' id='word_1_257' title='bbox 223 2025 287 2072; x_wconf 85' lang='lat'><strong><em>31</em></strong></span> <span class='ocrx_word' id='word_1_258' title='bbox 315 2027 343 2084; x_wconf 65' lang='grc' dir='ltr'><strong>ἕ</strong></span> <span class='ocrx_word' id='word_1_259' title='bbox 371 2025 399 2074; x_wconf 86' lang='grc'><strong>7</strong></span> <span class='ocrx_word' id='word_1_260' title='bbox 424 2027 541 2086; x_wconf 77' lang='grc' dir='ltr'>ἀνὴρ</span> <span class='ocrx_word' id='word_1_261' title='bbox 563 2022 782 2084; x_wconf 75' lang='grc' dir='ltr'>ἀγαθὸς</span> <span class='ocrx_word' id='word_1_262' title='bbox 803 2028 1056 2084; x_wconf 70' lang='grc' dir='ltr'>ἐνομίζετο.</span> <span class='ocrx_word' id='word_1_263' title='bbox 1835 2038 2246 2074; x_wconf 69' lang='lat' dir='ltr'><strong><em>nonnomssmus</em></strong></span> 
     </span>
     <span class='ocr_line' id='line_1_27' title="bbox 134 2088 2246 2150; baseline 0 -14"><span class='ocrx_word' id='word_1_264' title='bbox 134 2088 259 2138; x_wconf 80' lang='lat' dir='ltr'><strong><em>Tac.</em></strong></span> <span class='ocrx_word' id='word_1_265' title='bbox 284 2102 340 2136; x_wconf 81' lang='grc'><strong><em>111</em></strong></span> <span class='ocrx_word' id='word_1_266' title='bbox 364 2091 429 2137; x_wconf 88' lang='grc'><strong><em>28</em></strong></span> <span class='ocrx_word' id='word_1_267' title='bbox 458 2091 687 2138; x_wconf 81' lang='lat' dir='ltr'><strong><em>iuvenem</em></strong></span> <span class='ocrx_word' id='word_1_268' title='bbox 716 2092 933 2139; x_wconf 84' lang='lat' dir='ltr'><strong><em>nobilem</em></strong></span> <span class='ocrx_word' id='word_1_269' title='bbox 965 2089 1281 2150; x_wconf 80' lang='lat' dir='ltr'><strong><em>dignitate</em></strong></span> <span class='ocrx_word' id='word_1_270' title='bbox 1313 2089 1570 2146; x_wconf 85' lang='lat' dir='ltr'><strong><em>formae,</em></strong></span> <span class='ocrx_word' id='word_1_271' title='bbox 1593 2091 1648 2136; x_wconf 88' lang='lat' dir='ltr'><strong><em>vi</em></strong></span> <span class='ocrx_word' id='word_1_272' title='bbox 1679 2091 1860 2137; x_wconf 85' lang='lat' dir='ltr'><strong><em>mentis</em></strong></span> <span class='ocrx_word' id='word_1_273' title='bbox 1883 2104 1945 2137; x_wconf 85' lang='lat' dir='ltr'><strong><em>ac</em></strong></span> <span class='ocrx_word' id='word_1_274' title='bbox 1960 2091 2246 2150; x_wconf 78' lang='lat' dir='ltr'><strong><em>propinquo</em></strong></span> 
     </span>
     <span class='ocr_line' id='line_1_28' title="bbox 132 2153 2240 2216; baseline -0.001 -14"><span class='ocrx_word' id='word_1_275' title='bbox 132 2156 405 2202; x_wconf 81' lang='lat' dir='ltr'><strong><em>consulatu</em></strong></span> <span class='ocrx_word' id='word_1_276' title='bbox 428 2157 663 2202; x_wconf 87' lang='lat' dir='ltr'><strong><em>maiorem</em></strong></span> <span class='ocrx_word' id='word_1_277' title='bbox 684 2156 753 2202; x_wconf 90' lang='lat' dir='ltr'><strong><em>ad</em></strong></span> <span class='ocrx_word' id='word_1_278' title='bbox 774 2169 907 2216; x_wconf 80' lang='lat' dir='ltr'><strong><em>spem</em></strong></span> <span class='ocrx_word' id='word_1_279' title='bbox 930 2157 1145 2216; x_wconf 76' lang='lat' dir='ltr'><strong><em>accinyi.</em></strong></span> <span class='ocrx_word' id='word_1_280' title='bbox 1172 2154 1236 2202; x_wconf 81' lang='lat' dir='ltr'><strong><em>cf.</em></strong></span> <span class='ocrx_word' id='word_1_281' title='bbox 1254 2153 1409 2202; x_wconf 82' lang='lat' dir='ltr'><strong><em>ib.·36</em></strong></span> <span class='ocrx_word' id='word_1_282' title='bbox 1427 2153 1648 2201; x_wconf 84' lang='lat' dir='ltr'><strong><em>Traulus</em></strong></span> <span class='ocrx_word' id='word_1_283' title='bbox 1671 2154 1968 2212; x_wconf 78' lang='lat' dir='ltr'><strong><em>Montanae,</em></strong></span> <span class='ocrx_word' id='word_1_284' title='bbox 1987 2167 2018 2200; x_wconf 97' lang='lat' dir='ltr'><strong><em>a</em></strong></span> <span class='ocrx_word' id='word_1_285' title='bbox 2037 2153 2240 2212; x_wconf 85' lang='lat' dir='ltr'><strong><em>knight,</em></strong></span> 
     </span>
     <span class='ocr_line' id='line_1_29' title="bbox 132 2217 2245 2279; baseline -0.001 -12"><span class='ocrx_word' id='word_1_286' title='bbox 132 2219 361 2267; x_wconf 83' lang='lat' dir='ltr'><strong><em>modesta</em></strong></span> <span class='ocrx_word' id='word_1_287' title='bbox 404 2221 627 2278; x_wconf 82' lang='lat' dir='ltr'><strong><em>iuventa,</em></strong></span> <span class='ocrx_word' id='word_1_288' title='bbox 666 2220 754 2266; x_wconf 86' lang='lat' dir='ltr'><strong><em>sed</em></strong></span> <span class='ocrx_word' id='word_1_289' title='bbox 798 2232 1059 2279; x_wconf 86' lang='lat' dir='ltr'><strong><em>corpore</em></strong></span> <span class='ocrx_word' id='word_1_290' title='bbox 1090 2217 1344 2279; x_wconf 81' lang='lat' dir='ltr'><strong><em>insigni,</em></strong></span> <span class='ocrx_word' id='word_1_291' title='bbox 1385 2221 1576 2266; x_wconf 80' lang='lat' dir='ltr'><strong><em>accitus</em></strong></span> <span class='ocrx_word' id='word_1_292' title='bbox 1610 2220 1746 2267; x_wconf 87' lang='lat' dir='ltr'><strong><em>ultro</em></strong></span> <span class='ocrx_word' id='word_1_293' title='bbox 1781 2225 2066 2279; x_wconf 84' lang='lat' dir='ltr'><strong><em>noctemque</em></strong></span> <span class='ocrx_word' id='word_1_294' title='bbox 2102 2219 2245 2265; x_wconf 82' lang='lat' dir='ltr'><strong><em>intra</em></strong></span> 
     </span>
     <span class='ocr_line' id='line_1_30' title="bbox 130 2283 2246 2346; baseline -0.001 -15"><span class='ocrx_word' id='word_1_295' title='bbox 130 2299 293 2332; x_wconf 65' lang='lat' dir='ltr'><strong><em>ranam</em></strong></span> <span class='ocrx_word' id='word_1_296' title='bbox 325 2299 361 2330; x_wconf 91' lang='lat' dir='ltr'><strong><em>a</em></strong></span> <span class='ocrx_word' id='word_1_297' title='bbox 392 2285 673 2332; x_wconf 83' lang='lat' dir='ltr'><strong><em>Messalina</em></strong></span> <span class='ocrx_word' id='word_1_298' title='bbox 709 2285 1037 2345; x_wconf 84' lang='lat' dir='ltr'><strong><em>proturbatus</em></strong></span> <span class='ocrx_word' id='word_1_299' title='bbox 1082 2291 1207 2346; x_wconf 86' lang='lat' dir='ltr'><strong><em>erat,</em></strong></span> <span class='ocrx_word' id='word_1_300' title='bbox 1239 2285 1452 2346; x_wconf 85' lang='lat' dir='ltr'><strong><em>paribus</em></strong></span> <span class='ocrx_word' id='word_1_301' title='bbox 1487 2285 1715 2331; x_wconf 81' lang='lat' dir='ltr'><strong><em>lasciviis</em></strong></span> <span class='ocrx_word' id='word_1_302' title='bbox 1749 2284 1818 2330; x_wconf 90' lang='lat' dir='ltr'><strong><em>ad</em></strong></span> <span class='ocrx_word' id='word_1_303' title='bbox 1862 2283 2150 2344; x_wconf 65' lang='lat' dir='ltr'><strong><em>cupidinem</em></strong></span> <span class='ocrx_word' id='word_1_304' title='bbox 2196 2289 2246 2334; x_wconf 85' lang='lat' dir='ltr'><strong><em>et</em></strong></span> 
     </span>
     <span class='ocr_line' id='line_1_31' title="bbox 119 2349 369 2411; baseline 0 -15"><span class='ocrx_word' id='word_1_305' title='bbox 119 2349 369 2411; x_wconf 75' lang='lat' dir='ltr'><strong><em>fastidia.</em></strong></span> 
     </span>
     <span class='ocr_line' id='line_1_32' title="bbox 134 2412 2246 2474; baseline 0 -14"><span class='ocrx_word' id='word_1_306' title='bbox 134 2414 249 2471; x_wconf 82' lang='lat'><strong><em>332</em></strong></span> <span class='ocrx_word' id='word_1_307' title='bbox 296 2427 487 2462; x_wconf 70' lang='lat' dir='ltr'><strong><em>onnus</em></strong></span> <span class='ocrx_word' id='word_1_308' title='bbox 510 2428 779 2462; x_wconf 61' lang='lat' dir='ltr'><strong><em>firmem:</em></strong></span> <span class='ocrx_word' id='word_1_309' title='bbox 806 2413 1089 2474; x_wconf 83' lang='lat' dir='ltr'><strong><em>Schwegler</em></strong></span> <span class='ocrx_word' id='word_1_310' title='bbox 1110 2427 1178 2461; x_wconf 89' lang='lat'><strong><em>111</em></strong></span> <span class='ocrx_word' id='word_1_311' title='bbox 1204 2413 1299 2461; x_wconf 92' lang='lat'><strong><em>104</em></strong></span> <span class='ocrx_word' id='word_1_312' title='bbox 1325 2428 1379 2461; x_wconf 89' lang='lat' dir='ltr'><strong><em>n.</em></strong></span> <span class='ocrx_word' id='word_1_313' title='bbox 1416 2415 1446 2460; x_wconf 83' lang='lat'><strong>3</strong></span> <span class='ocrx_word' id='word_1_314' title='bbox 1480 2412 1636 2461; x_wconf 82' lang='lat' dir='ltr'><strong><em>“Liv.</em></strong></span> <span class='ocrx_word' id='word_1_315' title='bbox 1671 2427 1704 2460; x_wconf 86' lang='lat' dir='ltr'>x</span> <span class='ocrx_word' id='word_1_316' title='bbox 1731 2415 1762 2460; x_wconf 91' lang='grc'><strong>8</strong></span> <span class='ocrx_word' id='word_1_317' title='bbox 1797 2416 1822 2473; x_wconf 66' lang='grc' dir='ltr'><strong>ἕ</strong></span> <span class='ocrx_word' id='word_1_318' title='bbox 1857 2413 1888 2461; x_wconf 87' lang='grc'><strong>9</strong></span> <span class='ocrx_word' id='word_1_319' title='bbox 1921 2427 2112 2473; x_wconf 86' lang='lat' dir='ltr'><strong><em>semper</em></strong></span> <span class='ocrx_word' id='word_1_320' title='bbox 2142 2414 2246 2461; x_wconf 85' lang='lat' dir='ltr'><strong><em>ista</em></strong></span> 
     </span>
     <span class='ocr_line' id='line_1_33' title="bbox 132 2477 2246 2539; baseline 0 -14"><span class='ocrx_word' id='word_1_321' title='bbox 132 2478 325 2527; x_wconf 84' lang='lat' dir='ltr'><strong><em>audita</em></strong></span> <span class='ocrx_word' id='word_1_322' title='bbox 356 2487 475 2528; x_wconf 86' lang='lat' dir='ltr'><strong><em>sunt</em></strong></span> <span class='ocrx_word' id='word_1_323' title='bbox 509 2515 523 2529; x_wconf 91' lang='lat'><strong>.</strong></span> <span class='ocrx_word' id='word_1_324' title='bbox 550 2516 563 2528; x_wconf 90' lang='lat'>.</span> <span class='ocrx_word' id='word_1_325' title='bbox 590 2515 603 2528; x_wconf 89' lang='lat'><strong>.</strong></span> <span class='ocrx_word' id='word_1_326' title='bbox 630 2515 642 2527; x_wconf 94' lang='lat'><strong><em>.</em></strong></span> <span class='ocrx_word' id='word_1_327' title='bbox 665 2495 749 2528; x_wconf 86' lang='lat' dir='ltr'><strong><em>vos</em></strong></span> <span class='ocrx_word' id='word_1_328' title='bbox 782 2481 910 2528; x_wconf 86' lang='lat' dir='ltr'><strong><em>solos</em></strong></span> <span class='ocrx_word' id='word_1_329' title='bbox 954 2481 1203 2538; x_wconf 85' lang='lat' dir='ltr'><strong><em>gentem</em></strong></span> <span class='ocrx_word' id='word_1_330' title='bbox 1248 2479 1445 2526; x_wconf 86' lang='lat' dir='ltr'><strong><em>habere.</em></strong></span> <span class='ocrx_word' id='word_1_331' title='bbox 1514 2479 1692 2526; x_wconf 86' lang='lat' dir='ltr'><strong><em>Hence</em></strong></span> <span class='ocrx_word' id='word_1_332' title='bbox 1735 2492 1809 2525; x_wconf 79' lang='lat' dir='ltr'><strong><em>we</em></strong></span> <span class='ocrx_word' id='word_1_333' title='bbox 1856 2477 1966 2524; x_wconf 88' lang='lat' dir='ltr'><strong><em>find</em></strong></span> <span class='ocrx_word' id='word_1_334' title='bbox 2008 2478 2089 2524; x_wconf 78' lang='lat' dir='ltr'><strong><em>ior</em></strong></span> <span class='ocrx_word' id='word_1_335' title='bbox 2136 2481 2246 2539; x_wconf 83' lang='lat' dir='ltr'><strong><em>‘pa-</em></strong></span> 
     </span>
     <span class='ocr_line' id='line_1_34' title="bbox 130 2541 2246 2606; baseline -0 -16"><span class='ocrx_word' id='word_1_336' title='bbox 130 2543 341 2592; x_wconf 81' lang='lat' dir='ltr'><strong><em>trician’</em></strong></span> <span class='ocrx_word' id='word_1_337' title='bbox 390 2547 483 2592; x_wconf 88' lang='lat' dir='ltr'><strong><em>not</em></strong></span> <span class='ocrx_word' id='word_1_338' title='bbox 522 2544 888 2605; x_wconf 81' lang='lat' dir='ltr'><strong><em>unfrequently</em></strong></span> <span class='ocrx_word' id='word_1_339' title='bbox 919 2545 1002 2592; x_wconf 85' lang='lat' dir='ltr'><strong><em>vir</em></strong></span> <span class='ocrx_word' id='word_1_340' title='bbox 1037 2545 1291 2605; x_wconf 78' lang='lat' dir='ltr'><strong><em>patriciae</em></strong></span> <span class='ocrx_word' id='word_1_341' title='bbox 1336 2545 1500 2604; x_wconf 67' lang='lat' dir='ltr'><strong><em>yentis</em></strong></span> <span class='ocrx_word' id='word_1_342' title='bbox 1543 2541 1628 2606; x_wconf 89' lang='grc'>(111</span> <span class='ocrx_word' id='word_1_343' title='bbox 1673 2544 1734 2592; x_wconf 89' lang='grc'><strong><em>27</em></strong></span> <span class='ocrx_word' id='word_1_344' title='bbox 1779 2546 1806 2602; x_wconf 64' lang='grc' dir='ltr'><strong>ἓ</strong></span> <span class='ocrx_word' id='word_1_345' title='bbox 1845 2543 1890 2590; x_wconf 94' lang='grc'><strong><em>1.</em></strong></span> <span class='ocrx_word' id='word_1_346' title='bbox 1928 2544 1990 2590; x_wconf 87' lang='lat'><strong><em>33</em></strong></span> <span class='ocrx_word' id='word_1_347' title='bbox 2036 2545 2060 2602; x_wconf 70' lang='grc' dir='ltr'>ἓ</span> <span class='ocrx_word' id='word_1_348' title='bbox 2097 2543 2145 2590; x_wconf 87' lang='grc'><strong>9.</strong></span> <span class='ocrx_word' id='word_1_349' title='bbox 2191 2556 2246 2589; x_wconf 80' lang='lat' dir='ltr'><strong><em>vt</em></strong></span> 
     </span>
     <span class='ocr_line' id='line_1_35' title="bbox 136 2606 2246 2671; baseline 0 -17"><span class='ocrx_word' id='word_1_350' title='bbox 136 2608 196 2654; x_wconf 95' lang='grc'><strong><em>11</em></strong></span> <span class='ocrx_word' id='word_1_351' title='bbox 221 2612 250 2668; x_wconf 69' lang='grc'>5</span> <span class='ocrx_word' id='word_1_352' title='bbox 272 2609 324 2656; x_wconf 92' lang='grc'><strong><em>2.</em></strong></span> <span class='ocrx_word' id='word_1_353' title='bbox 370 2623 447 2657; x_wconf 80' lang='lat' dir='ltr'><strong><em>vn</em></strong></span> <span class='ocrx_word' id='word_1_354' title='bbox 469 2610 532 2658; x_wconf 86' lang='lat'><strong><em>39</em></strong></span> <span class='ocrx_word' id='word_1_355' title='bbox 555 2613 581 2669; x_wconf 67' lang='grc' dir='ltr'><strong>ἓ</strong></span> <span class='ocrx_word' id='word_1_356' title='bbox 607 2608 706 2671; x_wconf 89' lang='grc'>12),</span> <span class='ocrx_word' id='word_1_357' title='bbox 730 2623 761 2657; x_wconf 88' lang='lat' dir='ltr'><strong><em>a</em></strong></span> <span class='ocrx_word' id='word_1_358' title='bbox 781 2607 934 2656; x_wconf 89' lang='lat' dir='ltr'><strong><em>mode</em></strong></span> <span class='ocrx_word' id='word_1_359' title='bbox 957 2607 1011 2655; x_wconf 78' lang='lat' dir='ltr'><strong><em>of</em></strong></span> <span class='ocrx_word' id='word_1_360' title='bbox 1032 2607 1326 2668; x_wconf 80' lang='lat' dir='ltr'><strong><em>expression</em></strong></span> <span class='ocrx_word' id='word_1_361' title='bbox 1348 2622 1503 2655; x_wconf 85' lang='lat' dir='ltr'><strong><em>never</em></strong></span> <span class='ocrx_word' id='word_1_362' title='bbox 1524 2607 1651 2654; x_wconf 84' lang='lat' dir='ltr'><strong><em>used</em></strong></span> <span class='ocrx_word' id='word_1_363' title='bbox 1675 2607 1729 2654; x_wconf 83' lang='lat' dir='ltr'><strong><em>of</em></strong></span> <span class='ocrx_word' id='word_1_364' title='bbox 1753 2620 1784 2656; x_wconf 86' lang='lat' dir='ltr'><strong><em>a</em></strong></span> <span class='ocrx_word' id='word_1_365' title='bbox 1805 2606 2056 2667; x_wconf 88' lang='lat' dir='ltr'><strong><em>plebeian.</em></strong></span> <span class='ocrx_word' id='word_1_366' title='bbox 2128 2607 2246 2654; x_wconf 88' lang='lat' dir='ltr'><strong><em>And</em></strong></span> 
     </span>
     <span class='ocr_line' id='line_1_36' title="bbox 130 2671 2245 2736; baseline -0.001 -16"><span class='ocrx_word' id='word_1_367' title='bbox 130 2673 215 2721; x_wconf 75' lang='lat' dir='ltr'><strong><em>ior</em></strong></span> <span class='ocrx_word' id='word_1_368' title='bbox 242 2673 525 2734; x_wconf 86' lang='lat' dir='ltr'><strong><em>‘patrician</em></strong></span> <span class='ocrx_word' id='word_1_369' title='bbox 547 2672 717 2721; x_wconf 89' lang='lat' dir='ltr'><strong><em>order’</em></strong></span> <span class='ocrx_word' id='word_1_370' title='bbox 733 2675 988 2736; x_wconf 78' lang='lat' dir='ltr'><strong><em>patriciae</em></strong></span> <span class='ocrx_word' id='word_1_371' title='bbox 1017 2680 1187 2734; x_wconf 74' lang='lat' dir='ltr'><strong><em>yentes</em></strong></span> <span class='ocrx_word' id='word_1_372' title='bbox 1222 2671 1273 2736; x_wconf 85' lang='lat' dir='ltr'><strong><em>(x</em></strong></span> <span class='ocrx_word' id='word_1_373' title='bbox 1303 2672 1363 2720; x_wconf 87' lang='grc'><strong><em>15</em></strong></span> <span class='ocrx_word' id='word_1_374' title='bbox 1403 2676 1430 2732; x_wconf 66' lang='lat'><strong>5</strong></span> <span class='ocrx_word' id='word_1_375' title='bbox 1461 2673 1508 2720; x_wconf 88' lang='lat'><strong><em>9.</em></strong></span> <span class='ocrx_word' id='word_1_376' title='bbox 1556 2672 1688 2720; x_wconf 88' lang='lat' dir='ltr'><strong><em>Gell.</em></strong></span> <span class='ocrx_word' id='word_1_377' title='bbox 1723 2685 1756 2718; x_wconf 83' lang='lat' dir='ltr'>x</span> <span class='ocrx_word' id='word_1_378' title='bbox 1788 2673 1852 2719; x_wconf 90' lang='grc'><strong><em>20</em></strong></span> <span class='ocrx_word' id='word_1_379' title='bbox 1885 2675 1911 2732; x_wconf 67' lang='grc' dir='ltr'><strong>ἓ</strong></span> <span class='ocrx_word' id='word_1_380' title='bbox 1945 2671 1991 2720; x_wconf 85' lang='grc'><strong>5.</strong></span> <span class='ocrx_word' id='word_1_381' title='bbox 2037 2685 2149 2720; x_wconf 82' lang='lat' dir='ltr'><strong><em>xvn</em></strong></span> <span class='ocrx_word' id='word_1_382' title='bbox 2181 2672 2245 2719; x_wconf 92' lang='grc'>21</span> 
     </span>
     <span class='ocr_line' id='line_1_37' title="bbox 131 2735 2246 2799; baseline -0.001 -14"><span class='ocrx_word' id='word_1_383' title='bbox 131 2741 159 2797; x_wconf 82' lang='lat'>§</span> <span class='ocrx_word' id='word_1_384' title='bbox 194 2739 302 2798; x_wconf 85' lang='lat'><strong><em>27),</em></strong></span> <span class='ocrx_word' id='word_1_385' title='bbox 326 2737 423 2786; x_wconf 92' lang='lat' dir='ltr'><strong><em>but</em></strong></span> <span class='ocrx_word' id='word_1_386' title='bbox 445 2751 601 2786; x_wconf 87' lang='lat' dir='ltr'><strong><em>never</em></strong></span> <span class='ocrx_word' id='word_1_387' title='bbox 614 2739 843 2799; x_wconf 88' lang='lat' dir='ltr'><strong><em>plebeiae</em></strong></span> <span class='ocrx_word' id='word_1_388' title='bbox 874 2737 1095 2798; x_wconf 63' lang='lat' dir='ltr'><strong><em>⁸qentes.&#39;&#39;</em></strong></span> <span class='ocrx_word' id='word_1_389' title='bbox 1162 2735 1272 2784; x_wconf 83' lang='lat' dir='ltr'><strong><em>The</em></strong></span> <span class='ocrx_word' id='word_1_390' title='bbox 1306 2735 1478 2784; x_wconf 78' lang='lat' dir='ltr'><strong><em>father</em></strong></span> <span class='ocrx_word' id='word_1_391' title='bbox 1522 2736 1576 2783; x_wconf 83' lang='lat' dir='ltr'><strong><em>of</em></strong></span> <span class='ocrx_word' id='word_1_392' title='bbox 1623 2736 1674 2785; x_wconf 80' lang='lat' dir='ltr'><strong><em>S.</em></strong></span> <span class='ocrx_word' id='word_1_393' title='bbox 1719 2751 1824 2784; x_wconf 83' lang='lat' dir='ltr'><strong><em>was</em></strong></span> <span class='ocrx_word' id='word_1_394' title='bbox 1867 2735 2246 2796; x_wconf 82' lang='lat' dir='ltr'><strong><em>distinguished</em></strong></span> 
     </span>
     <span class='ocr_line' id='line_1_38' title="bbox 131 2800 2238 2864; baseline -0.001 -14"><span class='ocrx_word' id='word_1_395' title='bbox 131 2803 203 2864; x_wconf 82' lang='lat' dir='ltr'><strong><em>by</em></strong></span> <span class='ocrx_word' id='word_1_396' title='bbox 236 2802 480 2851; x_wconf 81' lang='lat' dir='ltr'><strong><em>victories</em></strong></span> <span class='ocrx_word' id='word_1_397' title='bbox 510 2817 630 2851; x_wconf 83' lang='lat' dir='ltr'><strong><em>over</em></strong></span> <span class='ocrx_word' id='word_1_398' title='bbox 661 2802 753 2851; x_wconf 88' lang='lat' dir='ltr'><strong><em>the</em></strong></span> <span class='ocrx_word' id='word_1_399' title='bbox 787 2803 949 2851; x_wconf 86' lang='lat' dir='ltr'><strong><em>Gauls</em></strong></span> <span class='ocrx_word' id='word_1_400' title='bbox 982 2800 1086 2850; x_wconf 85' lang='lat' dir='ltr'><strong><em>and</em></strong></span> <span class='ocrx_word' id='word_1_401' title='bbox 1118 2801 1307 2862; x_wconf 84' lang='lat' dir='ltr'><strong><em>Belgae</em></strong></span> <span class='ocrx_word' id='word_1_402' title='bbox 1340 2801 1477 2862; x_wconf 83' lang='lat' dir='ltr'><strong><em>(Tac.</em></strong></span> <span class='ocrx_word' id='word_1_403' title='bbox 1518 2815 1586 2849; x_wconf 90' lang='lat'><strong><em>111</em></strong></span> <span class='ocrx_word' id='word_1_404' title='bbox 1619 2802 1797 2849; x_wconf 85' lang='lat'><strong>42—3.</strong></span> <span class='ocrx_word' id='word_1_405' title='bbox 1831 2801 2011 2850; x_wconf 83' lang='lat'>45—6.</span> <span class='ocrx_word' id='word_1_406' title='bbox 2047 2816 2104 2850; x_wconf 77' lang='lat' dir='ltr'><strong><em>iv</em></strong></span> <span class='ocrx_word' id='word_1_407' title='bbox 2136 2803 2238 2862; x_wconf 88' lang='grc'>18),</span> 
     </span>
     <span class='ocr_line' id='line_1_39' title="bbox 131 2866 941 2930; baseline 0.002 -15"><span class='ocrx_word' id='word_1_408' title='bbox 131 2867 231 2916; x_wconf 88' lang='lat' dir='ltr'><strong><em>but</em></strong></span> <span class='ocrx_word' id='word_1_409' title='bbox 253 2867 349 2916; x_wconf 85' lang='lat' dir='ltr'><strong><em>the</em></strong></span> <span class='ocrx_word' id='word_1_410' title='bbox 376 2867 489 2916; x_wconf 84' lang='lat' dir='ltr'><strong><em>Silii</em></strong></span> <span class='ocrx_word' id='word_1_411' title='bbox 510 2882 641 2930; x_wconf 79' lang='lat' dir='ltr'><strong><em>were</em></strong></span> <span class='ocrx_word' id='word_1_412' title='bbox 659 2866 941 2928; x_wconf 85' lang='lat' dir='ltr'><strong><em>plebeians.</em></strong></span> 
     </span>
     <span class='ocr_line' id='line_1_40' title="bbox 131 2931 1161 2982; baseline 0 -2"><span class='ocrx_word' id='word_1_413' title='bbox 131 2946 368 2980; x_wconf 61' lang='lat' dir='ltr'><strong><em>Barnun</em></strong></span> <span class='ocrx_word' id='word_1_414' title='bbox 390 2932 639 2980; x_wconf 88' lang='lat' dir='ltr'><strong><em>Heinsius</em></strong></span> <span class='ocrx_word' id='word_1_415' title='bbox 662 2947 730 2981; x_wconf 90' lang='lat' dir='ltr'><strong><em>on</em></strong></span> <span class='ocrx_word' id='word_1_416' title='bbox 754 2933 846 2982; x_wconf 84' lang='lat' dir='ltr'><strong><em>ov.</em></strong></span> <span class='ocrx_word' id='word_1_417' title='bbox 874 2947 946 2980; x_wconf 89' lang='lat' dir='ltr'><strong><em>m.</em></strong></span> <span class='ocrx_word' id='word_1_418' title='bbox 970 2946 1025 2981; x_wconf 82' lang='lat' dir='ltr'><strong><em>1v</em></strong></span> <span class='ocrx_word' id='word_1_419' title='bbox 1047 2931 1161 2981; x_wconf 86' lang='lat'><strong>694.</strong></span> 
     </span>
     <span class='ocr_line' id='line_1_41' title="bbox 128 2995 1973 3058; baseline 0 -14"><span class='ocrx_word' id='word_1_420' title='bbox 128 2999 251 3056; x_wconf 88' lang='grc'><strong><em>333</em></strong></span> <span class='ocrx_word' id='word_1_421' title='bbox 297 3011 623 3044; x_wconf 57' lang='lat' dir='ltr'><strong><em>massanum</em></strong></span> <span class='ocrx_word' id='word_1_422' title='bbox 646 2997 740 3045; x_wconf 89' lang='lat' dir='ltr'><strong><em>but</em></strong></span> <span class='ocrx_word' id='word_1_423' title='bbox 763 2997 1005 3046; x_wconf 84' lang='lat' dir='ltr'><strong><em>Messalla</em></strong></span> <span class='ocrx_word' id='word_1_424' title='bbox 1027 2995 1350 3058; x_wconf 83' lang='lat' dir='ltr'><strong><em>[Lachmann</em></strong></span> <span class='ocrx_word' id='word_1_425' title='bbox 1375 2997 1527 3046; x_wconf 86' lang='lat' dir='ltr'><strong><em>Lucr.</em></strong></span> <span class='ocrx_word' id='word_1_426' title='bbox 1553 3012 1574 3045; x_wconf 94' lang='lat'>1</span> <span class='ocrx_word' id='word_1_427' title='bbox 1596 2999 1704 3048; x_wconf 85' lang='lat'><strong>313.</strong></span> <span class='ocrx_word' id='word_1_428' title='bbox 1730 2996 1779 3045; x_wconf 81' lang='lat' dir='ltr'><strong><em>J.</em></strong></span> <span class='ocrx_word' id='word_1_429' title='bbox 1804 2996 1868 3045; x_wconf 86' lang='lat' dir='ltr'><strong><em>E.</em></strong></span> <span class='ocrx_word' id='word_1_430' title='bbox 1897 2995 1973 3058; x_wconf 83' lang='lat' dir='ltr'><strong><em>S.]</em></strong></span> 
     </span>
     <span class='ocr_line' id='line_1_42' title="bbox 128 3060 2245 3123; baseline -0 -15"><span class='ocrx_word' id='word_1_431' title='bbox 128 3062 255 3120; x_wconf 84' lang='lat'><strong><em>334</em></strong></span> <span class='ocrx_word' id='word_1_432' title='bbox 287 3075 601 3110; x_wconf 70' lang='lat' dir='ltr'><strong><em>mmmmm</em></strong></span> <span class='ocrx_word' id='word_1_433' title='bbox 623 3061 845 3123; x_wconf 88' lang='lat' dir='ltr'><strong><em>perhaps</em></strong></span> <span class='ocrx_word' id='word_1_434' title='bbox 870 3061 1000 3121; x_wconf 74' lang='grc' dir='ltr'><strong><em>ἅπαξ</em></strong></span> <span class='ocrx_word' id='word_1_435' title='bbox 1029 3063 1287 3123; x_wconf 75' lang='grc' dir='ltr'>λεγόμενον</span> <span class='ocrx_word' id='word_1_436' title='bbox 1307 3076 1350 3109; x_wconf 88' lang='grc'><strong><em>11</em></strong></span> <span class='ocrx_word' id='word_1_437' title='bbox 1372 3063 1595 3112; x_wconf 86' lang='grc'>117-24</span> <span class='ocrx_word' id='word_1_438' title='bbox 1619 3060 2080 3122; x_wconf 86' lang='lat' dir='ltr'><strong><em>quadringenta</em></strong></span> <span class='ocrx_word' id='word_1_439' title='bbox 2103 3061 2245 3108; x_wconf 82' lang='lat' dir='ltr'><strong><em>dedit</em></strong></span> 
     </span>
     <span class='ocr_line' id='line_1_43' title="bbox 132 3124 2244 3192; baseline -0.001 -18"><span class='ocrx_word' id='word_1_440' title='bbox 132 3127 403 3175; x_wconf 77' lang='lat' dir='ltr'><strong><em>Gracchus</em></strong></span> <span class='ocrx_word' id='word_1_441' title='bbox 440 3126 747 3175; x_wconf 87' lang='lat' dir='ltr'><strong><em>sestertia</em></strong></span> <span class='ocrx_word' id='word_1_442' title='bbox 773 3127 980 3174; x_wconf 87' lang='lat' dir='ltr'><strong><em>dotem</em></strong></span> <span class='ocrx_word' id='word_1_443' title='bbox 1011 3125 1018 3192; x_wconf 87' lang='grc' dir='ltr'>Ι</span> <span class='ocrx_word' id='word_1_444' title='bbox 1048 3161 1061 3174; x_wconf 98' lang='grc'><strong>.</strong></span> <span class='ocrx_word' id='word_1_445' title='bbox 1088 3161 1102 3174; x_wconf 94' lang='grc'><strong>.</strong></span> <span class='ocrx_word' id='word_1_446' title='bbox 1128 3162 1143 3176; x_wconf 90' lang='grc'><strong>.</strong></span> <span class='ocrx_word' id='word_1_447' title='bbox 1167 3164 1180 3177; x_wconf 93' lang='grc'><strong>.</strong></span> <span class='ocrx_word' id='word_1_448' title='bbox 1208 3134 1462 3187; x_wconf 70' lang='lat' dir='ltr'><strong><em>seqmenta</em></strong></span> <span class='ocrx_word' id='word_1_449' title='bbox 1490 3135 1538 3176; x_wconf 88' lang='lat' dir='ltr'><strong><em>et</em></strong></span> <span class='ocrx_word' id='word_1_450' title='bbox 1567 3129 1734 3188; x_wconf 65' lang='lat' dir='ltr'><strong><em>longos</em></strong></span> <span class='ocrx_word' id='word_1_451' title='bbox 1767 3127 1967 3174; x_wconf 86' lang='lat' dir='ltr'><strong><em>habitus</em></strong></span> <span class='ocrx_word' id='word_1_452' title='bbox 2001 3132 2051 3173; x_wconf 90' lang='lat' dir='ltr'><strong><em>et</em></strong></span> <span class='ocrx_word' id='word_1_453' title='bbox 2073 3124 2244 3172; x_wconf 81' lang='lat' dir='ltr'><strong><em>flam-</em></strong></span> 
     </span>
     <span class='ocr_line' id='line_1_44' title="bbox 126 3190 2244 3253; baseline -0.001 -15"><span class='ocrx_word' id='word_1_454' title='bbox 126 3206 227 3239; x_wconf 87' lang='lat' dir='ltr'><strong><em>me</em></strong></span> <span class='ocrx_word' id='word_1_455' title='bbox 242 3205 273 3238; x_wconf 87' lang='lat' dir='ltr'><strong><em>a</em></strong></span> <span class='ocrx_word' id='word_1_456' title='bbox 306 3194 477 3240; x_wconf 85' lang='lat' dir='ltr'><strong><em>sumit.</em></strong></span> <span class='ocrx_word' id='word_1_457' title='bbox 544 3205 599 3240; x_wconf 78' lang='lat' dir='ltr'><strong><em>vl</em></strong></span> <span class='ocrx_word' id='word_1_458' title='bbox 632 3192 729 3240; x_wconf 85' lang='lat'><strong><em>225</em></strong></span> <span class='ocrx_word' id='word_1_459' title='bbox 777 3191 937 3240; x_wconf 85' lang='lat' dir='ltr'><strong><em>schol.</em></strong></span> <span class='ocrx_word' id='word_1_460' title='bbox 984 3199 1336 3253; x_wconf 80' lang='lat' dir='ltr'><strong><em>permutatque</em></strong></span> <span class='ocrx_word' id='word_1_461' title='bbox 1381 3193 1545 3240; x_wconf 86' lang='lat' dir='ltr'><strong><em>domos</em></strong></span> <span class='ocrx_word' id='word_1_462' title='bbox 1584 3199 1633 3240; x_wconf 89' lang='lat' dir='ltr'><strong><em>et</em></strong></span> <span class='ocrx_word' id='word_1_463' title='bbox 1677 3190 1970 3238; x_wconf 79' lang='lat' dir='ltr'><strong><em>flammea</em></strong></span> <span class='ocrx_word' id='word_1_464' title='bbox 2013 3191 2244 3238; x_wconf 86' lang='lat' dir='ltr'><strong><em>conterit.</em></strong></span> 
     </span>
     <span class='ocr_line' id='line_1_45' title="bbox 129 3255 2245 3318; baseline -0.002 -14"><span class='ocrx_word' id='word_1_465' title='bbox 129 3255 261 3304; x_wconf 68' lang='lat' dir='ltr'><strong><em>Tac.</em></strong></span> <span class='ocrx_word' id='word_1_466' title='bbox 289 3269 359 3304; x_wconf 84' lang='lat' dir='ltr'><strong><em>xv</em></strong></span> <span class='ocrx_word' id='word_1_467' title='bbox 386 3258 451 3304; x_wconf 84' lang='lat'><strong><em>33</em></strong></span> <span class='ocrx_word' id='word_1_468' title='bbox 482 3256 535 3304; x_wconf 84' lang='lat' dir='ltr'><strong><em>of</em></strong></span> <span class='ocrx_word' id='word_1_469' title='bbox 566 3256 704 3304; x_wconf 87' lang='lat' dir='ltr'><strong><em>Nero</em></strong></span> <span class='ocrx_word' id='word_1_470' title='bbox 724 3269 771 3306; x_wconf 73' lang='lat' dir='ltr'><strong><em>A.</em></strong></span> <span class='ocrx_word' id='word_1_471' title='bbox 789 3271 841 3303; x_wconf 84' lang='lat' dir='ltr'><strong><em>n.</em></strong></span> <span class='ocrx_word' id='word_1_472' title='bbox 867 3256 930 3305; x_wconf 82' lang='lat'><strong><em>64</em></strong></span> <span class='ocrx_word' id='word_1_473' title='bbox 952 3258 1091 3304; x_wconf 82' lang='lat' dir='ltr'><strong><em>nihil</em></strong></span> <span class='ocrx_word' id='word_1_474' title='bbox 1102 3257 1307 3318; x_wconf 70' lang='lat' dir='ltr'><strong><em>stay-itii</em></strong></span> <span class='ocrx_word' id='word_1_475' title='bbox 1328 3257 1606 3317; x_wconf 79' lang='lat' dir='ltr'><strong><em>reliquerat</em></strong></span> <span class='ocrx_word' id='word_1_476' title='bbox 1638 3271 1734 3316; x_wconf 77' lang='lat' dir='ltr'><strong><em>quo</em></strong></span> <span class='ocrx_word' id='word_1_477' title='bbox 1755 3256 2036 3315; x_wconf 85' lang='lat' dir='ltr'><strong><em>corruptior</em></strong></span> <span class='ocrx_word' id='word_1_478' title='bbox 2049 3261 2245 3313; x_wconf 50' lang='lat' dir='ltr'><strong><em>,ayerea</em></strong></span> 
     </span>
     <span class='ocr_line' id='line_1_46' title="bbox 126 3317 2242 3384; baseline -0.002 -15"><span class='ocrx_word' id='word_1_479' title='bbox 126 3323 243 3370; x_wconf 75' lang='lat' dir='ltr'><strong><em>nisi</em></strong></span> <span class='ocrx_word' id='word_1_480' title='bbox 268 3355 283 3370; x_wconf 89' lang='lat'>.</span> <span class='ocrx_word' id='word_1_481' title='bbox 310 3355 327 3370; x_wconf 84' lang='lat'><strong>.</strong></span> <span class='ocrx_word' id='word_1_482' title='bbox 348 3355 361 3370; x_wconf 88' lang='lat'><strong>.</strong></span> <span class='ocrx_word' id='word_1_483' title='bbox 387 3356 401 3370; x_wconf 91' lang='lat'><strong>.</strong></span> <span class='ocrx_word' id='word_1_484' title='bbox 425 3323 519 3370; x_wconf 86' lang='lat' dir='ltr'><strong><em>uni</em></strong></span> <span class='ocrx_word' id='word_1_485' title='bbox 562 3336 624 3369; x_wconf 76' lang='lat' dir='ltr'><strong><em>ex</em></strong></span> <span class='ocrx_word' id='word_1_486' title='bbox 668 3322 763 3369; x_wconf 86' lang='lat' dir='ltr'><strong><em>illo</em></strong></span> <span class='ocrx_word' id='word_1_487' title='bbox 806 3322 1256 3370; x_wconf 83' lang='lat' dir='ltr'><strong><em>contaminatorum</em></strong></span> <span class='ocrx_word' id='word_1_488' title='bbox 1297 3335 1444 3381; x_wconf 75' lang='lat' dir='ltr'><strong><em>yreye</em></strong></span> <span class='ocrx_word' id='word_1_489' title='bbox 1497 3321 1688 3384; x_wconf 84' lang='lat' dir='ltr'><strong><em>(nomen</em></strong></span> <span class='ocrx_word' id='word_1_490' title='bbox 1740 3321 2062 3382; x_wconf 66' lang='lat' dir='ltr'><strong><em>Pythagorae</em></strong></span> <span class='ocrx_word' id='word_1_491' title='bbox 2113 3317 2242 3380; x_wconf 85' lang='lat' dir='ltr'><strong><em>suit)</em></strong></span> 
     </span>
     <span class='ocr_line' id='line_1_47' title="bbox 127 3383 2247 3446; baseline -0.002 -11"><span class='ocrx_word' id='word_1_492' title='bbox 127 3387 200 3436; x_wconf 92' lang='lat' dir='ltr'><strong><em>in</em></strong></span> <span class='ocrx_word' id='word_1_493' title='bbox 248 3385 499 3434; x_wconf 90' lang='lat' dir='ltr'><strong><em>modum</em></strong></span> <span class='ocrx_word' id='word_1_494' title='bbox 552 3385 954 3434; x_wconf 89' lang='lat' dir='ltr'><strong><em>sollemnium</em></strong></span> <span class='ocrx_word' id='word_1_495' title='bbox 1003 3385 1445 3446; x_wconf 82' lang='lat' dir='ltr'><strong><em>coniugiorum</em></strong></span> <span class='ocrx_word' id='word_1_496' title='bbox 1509 3383 1940 3445; x_wconf 86' lang='lat' dir='ltr'><strong><em>denupsisset.</em></strong></span> <span class='ocrx_word' id='word_1_497' title='bbox 2026 3383 2247 3431; x_wconf 83' lang='lat' dir='ltr'><strong><em>inditum</em></strong></span> 
     </span>
     <span class='ocr_line' id='line_1_48' title="bbox 126 3445 2239 3513; baseline -0.002 -13"><span class='ocrx_word' id='word_1_498' title='bbox 126 3453 433 3513; x_wconf 83' lang='lat' dir='ltr'><strong><em>imperatori</em></strong></span> <span class='ocrx_word' id='word_1_499' title='bbox 464 3450 838 3510; x_wconf 85' lang='lat' dir='ltr'><strong><em>flammeum,</em></strong></span> <span class='ocrx_word' id='word_1_500' title='bbox 865 3449 972 3498; x_wconf 90' lang='lat' dir='ltr'><strong><em>dos</em></strong></span> <span class='ocrx_word' id='word_1_501' title='bbox 1006 3453 1067 3497; x_wconf 89' lang='lat' dir='ltr'><strong><em>et</em></strong></span> <span class='ocrx_word' id='word_1_502' title='bbox 1100 3449 1370 3510; x_wconf 87' lang='lat' dir='ltr'><strong><em>genialis</em></strong></span> <span class='ocrx_word' id='word_1_503' title='bbox 1399 3452 1580 3497; x_wconf 89' lang='lat' dir='ltr'><strong><em>torus</em></strong></span> <span class='ocrx_word' id='word_1_504' title='bbox 1611 3451 1669 3496; x_wconf 87' lang='lat' dir='ltr'><strong><em>et</em></strong></span> <span class='ocrx_word' id='word_1_505' title='bbox 1703 3447 1868 3496; x_wconf 79' lang='lat' dir='ltr'><strong><em>faces</em></strong></span> <span class='ocrx_word' id='word_1_506' title='bbox 1902 3445 2239 3507; x_wconf 87' lang='lat' dir='ltr'><strong><em>nuptiales.</em></strong></span> 
     </span>
     <span class='ocr_line' id='line_1_49' title="bbox 132 3512 2252 3576; baseline -0.003 -10"><span class='ocrx_word' id='word_1_507' title='bbox 132 3517 283 3567; x_wconf 82' lang='lat' dir='ltr'><strong><em>Suet.</em></strong></span> <span class='ocrx_word' id='word_1_508' title='bbox 320 3515 441 3564; x_wconf 83' lang='lat' dir='ltr'><strong><em>Ner.</em></strong></span> <span class='ocrx_word' id='word_1_509' title='bbox 476 3516 557 3564; x_wconf 87' lang='grc'><strong>28.</strong></span> <span class='ocrx_word' id='word_1_510' title='bbox 624 3514 759 3564; x_wconf 90' lang='lat' dir='ltr'><strong><em>Plin.</em></strong></span> <span class='ocrx_word' id='word_1_511' title='bbox 794 3529 883 3562; x_wconf 78' lang='lat'><strong><em>111</em></strong></span> <span class='ocrx_word' id='word_1_512' title='bbox 914 3519 940 3576; x_wconf 66' lang='grc' dir='ltr'><strong>ς</strong></span> <span class='ocrx_word' id='word_1_513' title='bbox 978 3514 1044 3562; x_wconf 87' lang='grc'><strong><em>46</em></strong></span> <span class='ocrx_word' id='word_1_514' title='bbox 1090 3517 1215 3563; x_wconf 84' lang='lat' dir='ltr'><strong><em>lutei</em></strong></span> <span class='ocrx_word' id='word_1_515' title='bbox 1258 3516 1402 3563; x_wconf 84' lang='lat' dir='ltr'><strong><em>video</em></strong></span> <span class='ocrx_word' id='word_1_516' title='bbox 1448 3516 1677 3562; x_wconf 80' lang='lat' dir='ltr'><strong><em>honorem</em></strong></span> <span class='ocrx_word' id='word_1_517' title='bbox 1719 3513 2140 3572; x_wconf 79' lang='lat' dir='ltr'><strong><em>antiquissimum,</em></strong></span> <span class='ocrx_word' id='word_1_518' title='bbox 2188 3512 2252 3566; x_wconf 36' lang='lat' dir='ltr'><strong><em>in.</em></strong></span> 
     </span>
     <span class='ocr_line' id='line_1_50' title="bbox 128 3576 2244 3642; baseline -0.004 -11"><span class='ocrx_word' id='word_1_519' title='bbox 128 3579 537 3642; x_wconf 84' lang='lat' dir='ltr'><strong><em>nuptialibus</em></strong></span> <span class='ocrx_word' id='word_1_520' title='bbox 586 3579 899 3628; x_wconf 85' lang='lat' dir='ltr'><strong><em>flammeis</em></strong></span> <span class='ocrx_word' id='word_1_521' title='bbox 954 3586 1109 3628; x_wconf 88' lang='lat' dir='ltr'><strong><em>totum</em></strong></span> <span class='ocrx_word' id='word_1_522' title='bbox 1150 3581 1361 3642; x_wconf 86' lang='lat' dir='ltr'><strong><em>seminis</em></strong></span> <span class='ocrx_word' id='word_1_523' title='bbox 1413 3592 1704 3627; x_wconf 85' lang='lat' dir='ltr'><strong><em>concessum.</em></strong></span> <span class='ocrx_word' id='word_1_524' title='bbox 1792 3576 1916 3624; x_wconf 87' lang='lat' dir='ltr'><strong><em>Luc.</em></strong></span> <span class='ocrx_word' id='word_1_525' title='bbox 1963 3589 2006 3622; x_wconf 93' lang='lat'><strong><em>11</em></strong></span> <span class='ocrx_word' id='word_1_526' title='bbox 2051 3576 2244 3624; x_wconf 85' lang='lat'>360—1</span> 
     </span>
     <span class='ocr_line' id='line_1_51' title="bbox 128 3641 2247 3706; baseline -0.003 -11"><span class='ocrx_word' id='word_1_527' title='bbox 128 3661 239 3695; x_wconf 85' lang='lat' dir='ltr'><strong><em>non</em></strong></span> <span class='ocrx_word' id='word_1_528' title='bbox 274 3647 510 3694; x_wconf 84' lang='lat' dir='ltr'><strong><em>timidum</em></strong></span> <span class='ocrx_word' id='word_1_529' title='bbox 551 3652 740 3706; x_wconf 79' lang='lat' dir='ltr'><strong><em>nuptae</em></strong></span> <span class='ocrx_word' id='word_1_530' title='bbox 776 3647 953 3692; x_wconf 86' lang='lat' dir='ltr'><strong><em>leviter</em></strong></span> <span class='ocrx_word' id='word_1_531' title='bbox 990 3652 1185 3693; x_wconf 88' lang='lat' dir='ltr'><strong><em>tectura</em></strong></span> <span class='ocrx_word' id='word_1_532' title='bbox 1214 3646 1456 3706; x_wconf 88' lang='lat' dir='ltr'><strong><em>pudorem</em></strong></span> <span class='ocrx_word' id='word_1_533' title='bbox 1486 3641 1494 3706; x_wconf 90' lang='grc' dir='ltr'>Ι</span> <span class='ocrx_word' id='word_1_534' title='bbox 1520 3643 1693 3690; x_wconf 87' lang='lat' dir='ltr'><strong><em>lutea</em></strong></span> <span class='ocrx_word' id='word_1_535' title='bbox 1735 3642 1970 3690; x_wconf 87' lang='lat' dir='ltr'><strong><em>demissos</em></strong></span> <span class='ocrx_word' id='word_1_536' title='bbox 2011 3641 2247 3690; x_wconf 86' lang='lat' dir='ltr'><strong><em>velarunt</em></strong></span> 
     </span>
     <span class='ocr_line' id='line_1_52' title="bbox 131 3705 2247 3768; baseline -0.003 -9"><span class='ocrx_word' id='word_1_537' title='bbox 131 3712 437 3759; x_wconf 77' lang='lat' dir='ltr'><strong><em>flammea</em></strong></span> <span class='ocrx_word' id='word_1_538' title='bbox 458 3711 643 3759; x_wconf 87' lang='lat' dir='ltr'><strong><em>vultus.</em></strong></span> <span class='ocrx_word' id='word_1_539' title='bbox 713 3709 865 3758; x_wconf 88' lang='lat' dir='ltr'><strong><em>Mart.</em></strong></span> <span class='ocrx_word' id='word_1_540' title='bbox 888 3723 943 3756; x_wconf 78' lang='lat'><strong><em>11</em></strong></span> <span class='ocrx_word' id='word_1_541' title='bbox 968 3711 1031 3760; x_wconf 86' lang='grc'><strong><em>78</em></strong></span> <span class='ocrx_word' id='word_1_542' title='bbox 1053 3711 1103 3756; x_wconf 88' lang='grc'><strong>3.</strong></span> <span class='ocrx_word' id='word_1_543' title='bbox 1125 3723 1203 3757; x_wconf 83' lang='grc'>1111</span> <span class='ocrx_word' id='word_1_544' title='bbox 1226 3709 1289 3756; x_wconf 83' lang='grc'><strong><em>42</em></strong></span> <span class='ocrx_word' id='word_1_545' title='bbox 1312 3709 1442 3756; x_wconf 89' lang='grc'><strong><em>2-5</em></strong></span> <span class='ocrx_word' id='word_1_546' title='bbox 1467 3709 1560 3756; x_wconf 87' lang='lat' dir='ltr'><strong><em>hac</em></strong></span> <span class='ocrx_word' id='word_1_547' title='bbox 1597 3721 1699 3768; x_wconf 77' lang='lat' dir='ltr'><strong><em>qua</em></strong></span> <span class='ocrx_word' id='word_1_548' title='bbox 1720 3705 1854 3766; x_wconf 87' lang='lat' dir='ltr'><strong><em>lege</em></strong></span> <span class='ocrx_word' id='word_1_549' title='bbox 1875 3707 1986 3754; x_wconf 85' lang='lat' dir='ltr'><strong><em>viro</em></strong></span> <span class='ocrx_word' id='word_1_550' title='bbox 2010 3705 2247 3753; x_wconf 86' lang='lat' dir='ltr'><strong><em>nubere</em></strong></span> 
     </span>
     <span class='ocr_line' id='line_1_53' title="bbox 130 3768 2248 3837; baseline -0.003 -13"><span class='ocrx_word' id='word_1_551' title='bbox 130 3779 281 3836; x_wconf 71' lang='lat' dir='ltr'><strong><em>riryo</em></strong></span> <span class='ocrx_word' id='word_1_552' title='bbox 311 3776 455 3824; x_wconf 84' lang='lat' dir='ltr'><strong><em>solet.</em></strong></span> <span class='ocrx_word' id='word_1_553' title='bbox 522 3777 811 3837; x_wconf 74' lang='lat' dir='ltr'><strong><em>praeluxere</em></strong></span> <span class='ocrx_word' id='word_1_554' title='bbox 825 3776 985 3836; x_wconf 84' lang='lat' dir='ltr'><strong><em>faces,</em></strong></span> <span class='ocrx_word' id='word_1_555' title='bbox 1009 3776 1242 3822; x_wconf 84' lang='lat' dir='ltr'><strong><em>velarunt</em></strong></span> <span class='ocrx_word' id='word_1_556' title='bbox 1269 3773 1568 3821; x_wconf 76' lang='lat' dir='ltr'><strong><em>flammea</em></strong></span> <span class='ocrx_word' id='word_1_557' title='bbox 1589 3773 1774 3820; x_wconf 82' lang='lat' dir='ltr'><strong><em>vultus.</em></strong></span> <span class='ocrx_word' id='word_1_558' title='bbox 1807 3770 1815 3835; x_wconf 82' lang='grc' dir='ltr'>Ι</span> <span class='ocrx_word' id='word_1_559' title='bbox 1845 3805 1858 3818; x_wconf 98' lang='grc'><strong>.</strong></span> <span class='ocrx_word' id='word_1_560' title='bbox 1885 3806 1898 3819; x_wconf 97' lang='grc'><strong>.</strong></span> <span class='ocrx_word' id='word_1_561' title='bbox 1925 3803 1938 3820; x_wconf 88' lang='grc'><strong>.</strong></span> <span class='ocrx_word' id='word_1_562' title='bbox 1962 3768 2071 3817; x_wconf 90' lang='lat' dir='ltr'><strong><em>dos</em></strong></span> <span class='ocrx_word' id='word_1_563' title='bbox 2092 3773 2248 3818; x_wconf 88' lang='lat' dir='ltr'><strong><em>etiam</em></strong></span> 
     </span>
     <span class='ocr_line' id='line_1_54' title="bbox 134 3833 2244 3894; baseline -0.002 -7"><span class='ocrx_word' id='word_1_564' title='bbox 134 3842 283 3888; x_wconf 81' lang='lat' dir='ltr'><strong><em>dicta</em></strong></span> <span class='ocrx_word' id='word_1_565' title='bbox 318 3845 409 3888; x_wconf 90' lang='lat' dir='ltr'><strong><em>est.</em></strong></span> <span class='ocrx_word' id='word_1_566' title='bbox 520 3842 685 3887; x_wconf 86' lang='lat' dir='ltr'><strong><em>etron.</em></strong></span> <span class='ocrx_word' id='word_1_567' title='bbox 721 3839 801 3887; x_wconf 83' lang='lat'><strong><em>26.</em></strong></span> <span class='ocrx_word' id='word_1_568' title='bbox 844 3838 1021 3887; x_wconf 89' lang='lat' dir='ltr'><strong><em>Claud.</em></strong></span> <span class='ocrx_word' id='word_1_569' title='bbox 1056 3851 1197 3885; x_wconf 79' lang='lat' dir='ltr'><strong><em>cons,</em></strong></span> <span class='ocrx_word' id='word_1_570' title='bbox 1232 3838 1370 3888; x_wconf 88' lang='lat' dir='ltr'><strong><em>Hon.</em></strong></span> <span class='ocrx_word' id='word_1_571' title='bbox 1413 3841 1466 3884; x_wconf 90' lang='lat' dir='ltr'><strong><em>et</em></strong></span> <span class='ocrx_word' id='word_1_572' title='bbox 1498 3836 1632 3885; x_wconf 88' lang='lat' dir='ltr'><strong><em>Mar.</em></strong></span> <span class='ocrx_word' id='word_1_573' title='bbox 1667 3837 1779 3884; x_wconf 88' lang='grc'><strong>285.</strong></span> <span class='ocrx_word' id='word_1_574' title='bbox 1849 3835 1984 3885; x_wconf 84' lang='lat' dir='ltr'><strong><em>Tert.</em></strong></span> <span class='ocrx_word' id='word_1_575' title='bbox 2024 3833 2086 3882; x_wconf 90' lang='lat' dir='ltr'><strong><em>de</em></strong></span> <span class='ocrx_word' id='word_1_576' title='bbox 2119 3834 2244 3894; x_wconf 81' lang='lat' dir='ltr'><strong><em>virg.</em></strong></span> 
     </span>
     <span class='ocr_line' id='line_1_55' title="bbox 132 3897 2240 3972; baseline -0.004 -16"><span class='ocrx_word' id='word_1_577' title='bbox 132 3904 237 3957; x_wconf 76' lang='lat' dir='ltr'><strong><em>vel.</em></strong></span> <span class='ocrx_word' id='word_1_578' title='bbox 264 3905 325 3954; x_wconf 89' lang='lat' dir='ltr'><strong><em>ll</em></strong></span> <span class='ocrx_word' id='word_1_579' title='bbox 349 3918 401 3965; x_wconf 86' lang='lat' dir='ltr'><strong><em>p.</em></strong></span> <span class='ocrx_word' id='word_1_580' title='bbox 421 3917 496 3954; x_wconf 89' lang='lat' dir='ltr'><strong><em>m.</em></strong></span> <span class='ocrx_word' id='word_1_581' title='bbox 519 3907 675 3954; x_wconf 87' lang='lat' dir='ltr'><strong><em>etiam</em></strong></span> <span class='ocrx_word' id='word_1_582' title='bbox 694 3905 835 3967; x_wconf 82' lang='lat' dir='ltr'><strong><em>apud</em></strong></span> <span class='ocrx_word' id='word_1_583' title='bbox 856 3905 1079 3954; x_wconf 84' lang='lat' dir='ltr'><strong><em>ethnicos</em></strong></span> <span class='ocrx_word' id='word_1_584' title='bbox 1101 3902 1344 3955; x_wconf 78' lang='lat' dir='ltr'><strong><em>velatae</em></strong></span> <span class='ocrx_word' id='word_1_585' title='bbox 1377 3902 1447 3950; x_wconf 86' lang='lat' dir='ltr'><strong><em>ad</em></strong></span> <span class='ocrx_word' id='word_1_586' title='bbox 1473 3903 1638 3950; x_wconf 86' lang='lat' dir='ltr'><strong><em>virum</em></strong></span> <span class='ocrx_word' id='word_1_587' title='bbox 1665 3903 1927 3960; x_wconf 74' lang='lat' dir='ltr'><strong><em>ducuntur.</em></strong></span> <span class='ocrx_word' id='word_1_588' title='bbox 1999 3897 2240 3972; x_wconf 66' lang='lat' dir='ltr'><strong><em>Martian-</em></strong></span> 
     </span>
    </p>
   </div>
  </div>
 </body>
</html>
