2725 4317
137 308 388 371 96—101]
447 306 928 357 CIRGUMSPIGE.
993 304 1238 356 WORKS
1280 305 1370 355 ΟΕ·
1412 304 1549 353 ΛΒΤ
1594 303 1671 354 IN
1714 300 1993 353 GREEGE
2135 308 2173 358 2
2193 307 2218 357 Ι

134 440 253 499 ipsos
277 452 478 500 pannos
505 446 612 488 tices
627 439 812 501 perdas
835 438 924 498 qui
945 442 1283 485 remanserunt
1299 451 1318 487 .·
1351 450 1470 483 nam
1490 437 1860 493 necaccucatio
1884 436 1979 485 tibi
1995 436 2221 497 proderit

135 510 176 549 et
202 505 405 563 insuper
435 506 645 551 naulum
661 504 851 563 perdis.
1442 513 1779 549 cmcuusucn
1814 498 1977 549 schol.
1991 501 2219 561 provide.

135 566 231 617 Ter.
259 566 406 614 haut.
439 567 534 615 459
570 567 717 614 aliud
751 568 911 615 lenius
951 568 1090 616 sodes
1126 566 1286 617 vide.
1351 564 1467 613 Liv.
1488 578 1522 612 v
1545 564 1575 613 6
1598 567 1625 624 5
1648 565 1679 611 2
1710 579 1815 623 nec,
1842 565 1973 613 sicut
2004 567 2221 613 aestivae

131 646 246 691 aves,
289 634 464 679 statim
502 638 738 679 autumno
776 638 908 679 tecta
946 648 1008 679 ac
1045 646 1284 681 recensum
1317 627 1813 689 circumspicere.
1885 642 1973 677 111
2003 630 2067 677 53
2096 633 2123 690 ἓ
2159 631 2220 679 11

132 697 277 743 locum
299 696 504 743 insidiis
539 693 1073 755 circumspectare
1104 697 1302 744 Poenm
1325 694 1505 755 coepit.
1575 706 1685 741 1111
1710 692 1771 741 15
1798 696 1824 753 ξ
1857 694 1979 747 aut
2013 696 2219 743 Hanni·

132 762 234 809 bal.
267 793 282 807 .
307 796 322 810 .
353 760 570 807 hibernis
613 761 770 807 locum
803 758 1379 819 circumspectaret.
1444 757 1577 807 Plin.
1607 772 1685 818 ep.
1722 771 1745 805 1
1774 758 1837 807 14
1869 762 1895 818 ἓ
1933 759 1961 805 1
1993 761 2126 820 petis
2162 767 2221 809 ut

119 826 294 884 fratris
319 826 396 872 tui
425 824 570 884 filiae
605 822 984 884 prospiciam
1025 824 1274 873 maritum.
1390 821 1607 870 Theokr.
1631 821 1699 871 id.
1731 836 1799 870 xv
1836 824 1867 869 2
1902 822 2003 885 ὅρη
2036 826 2213 885 δίφρον,

132 888 286 946 Εὖνόα,
337 887 476 950 αὐτᾷ.
566 888 668 937 Cic.
699 889 816 936 Att.
847 901 881 935 v
915 888 943 933 1
971 891 998 947 ς
1031 888 1062 934 3
1095 889 1442 937 intercesserat
1470 888 1665 935 Statim
1692 894 1751 933 ut
1772 890 2047 947 prandium
2078 891 2219 937 nobis

127 953 372 1002 videret.
439 952 555 1001 Ter.
578 950 726 1001 haut.
749 952 942 1000 458—9
965 966 1194 1012 asperum
1219 952 1228 1005 Ι
1251 958 1419 1013 pater,
1443 952 1531 999 hoc
1564 957 1671 1001 est.-
1707 953 1853 999 aliud
1889 953 2049 999 lenius
2080 954 2218 1001 sodes

125 1018 270 1069 vide.
333 1017 442 1067 Cic.
467 1017 618 1066 Tusc.
643 1030 710 1064 111
727 1016 832 1075 §46
849 1015 1078 1063 Kiihner.
1135 1014 1325 1063 Victor.
1347 1030 1416 1063 on
1433 1015 1538 1063 Cic.
1562 1014 1671 1062 Att.
1689 1028 1723 1062 v
1737 1016 1765 1061 1
1788 1019 1815 1076 ξ
1838 1017 1889 1063 3.
1942 1016 2123 1066 Heius.
2149 1032 2219 1065 on

127 1083 207 1132 Ov,
251 1098 298 1134 a.
347 1098 394 1131 a.
440 1097 463 1131 1.
500 1083 608 1132 588.
707 1081 837 1129 Gell.
883 1095 994 1128 xvn
1038 1082 1068 1127 8
1115 1083 1142 1140 ἓ
1185 1082 1214 1127 3
1252 1094 1463 1141 puerum
1505 1080 1643 1126 iubet
1702 1080 1899 1127 Taurus
1952 1083 2111 1129 oleum
2160 1084 2218 1131 in

126 1151 284 1197 aulam
315 1148 546 1197 videre.
613 1145 748 1196 Plin.
771 1160 852 1207 ep.
876 1158 944 1193 111
964 1146 995 1193 3
1017 1148 1044 1205 ὅ
1067 1146 1114 1193 3.

125 1226 302 1262 muzus
336 1213 540 1261 Petron.
570 1213 636 1261 44
670 1214 802 1273 quod
850 1212 919 1259 ad
965 1226 1040 1259 me
1075 1212 1276 1269 attinet,
1317 1212 1423 1257 iam
1455 1222 1701 1269 pannos
1738 1222 1907 1259 meos
1952 1211 2211 1271 comedi,

125 1285 168 1325 et
185 1281 228 1326 si
245 1286 538 1341 perseverat
562 1280 681 1325 haec
705 1291 928 1333 annona,
949 1278 1148 1323 casulas
1169 1290 1302 1321 meas
1323 1276 1547 1323 vendam.

126 1343 190 1399 97
222 1354 428 1391 naemu
464 1341 554 1389 the
575 1354 997 1402 passage-money
1018 1341 1074 1387 to
1095 1340 1274 1387 Rome.
1900 1343 2009 1401 100
2042 1358 2209 1391 mem

123 1420 288 1456 nouus
324 1420 458 1454 runo
493 1419 650 1454 cums
687 1404 790 1453 Cic.
818 1404 961 1453 Verr.
993 1417 1048 1451 Π
1081 1403 1192 1463 §46
1224 1404 1408 1453 Verres
1441 1406 1679 1455 removed
1712 1407 1806 1455 the
1834 1406 2003 1469 jewels
2043 1411 2120 1457 set
2156 1408 2213 1455 in

123 1486 316 1519 censere
347 1470 451 1519 and
479 1468 724 1517 returned
745 1468 836 1515 the
859 1467 1048 1515 vessels
1080 1470 1241 1515 tenuit
1273 1470 1360 1517 hoc
1391 1473 1681 1519 institutum
1710 1474 1766 1521 in
1798 1474 2030 1521 turibulis
2059 1475 2211 1521 omni-

123 1538 202 1584 bus
239 1550 575 1598 quaecumque
610 1536 671 1581 in
707 1534 894 1582 Sicilia
930 1534 1158 1594 suerunt.
1225 1531 1601 1581 incredibile
1647 1538 1740 1583 est
1784 1538 1988 1584 autem
2034 1552 2210 1597 quam

119 1601 310 1649 multa
346 1602 405 1647 et
439 1612 618 1659 quam
649 1596 974 1659 praeclara
1006 1596 1256 1651 fuerint.
1327 1599 1471 1649 credo
1500 1606 1621 1657 tum,
1644 1615 1754 1647 cum
1784 1602 1971 1649 Sicilia
1992 1604 2207 1663 florebat

119 1668 285 1727 opibus
310 1672 360 1713 et
379 1666 558 1725 copiis,
579 1678 762 1722 maana
794 1662 1020 1722 artificia
1041 1663 1204 1723 fuisse
1239 1664 1296 1710 in
1327 1678 1387 1709 ea
1416 1664 1619 1720 insula,·
1655 1678 1794 1712 nam
1833 1664 2045 1713 domus
2082 1670 2209 1714 erat

120 1733 253 1779 ante
293 1730 488 1778 istum
525 1729 880 1789 praetorem
919 1725 1097 1773 nulla
1133 1726 1320 1787 paulo
1360 1727 1753 1788 locupletior,
1795 1743 1908 1790 qua
1940 1730 2005 1777 in
2039 1730 2207 1779 domo

117 1794 255 1844 haec
287 1808 414 1842 non
445 1793 670 1852 essent,
701 1792 856 1839 etiam
875 1793 921 1839 si
938 1798 1201 1852 praeterea
1223 1792 1359 1839 nihil
1382 1798 1505 1839 esset
1528 1796 1743 1853 argenti,
1766 1794 2004 1854 patella
2033 1810 2206 1854 gran·

117 1859 208 1908 dis
248 1874 388 1908 cum
426 1857 669 1918 sigillis
705 1870 772 1903 ac
809 1854 1171 1904 simulacris
1205 1854 1476 1912 deorum,
1515 1860 1733 1917 patera
1769 1872 1886 1919 qua
1910 1859 2206 1909 mulieres

117 1923 186 1972 ad
204 1939 304 1973 res
325 1924 579 1972 divinas
602 1922 952 1978 uterentur,
977 1919 1346 1973 turibulum.
1418 1920 1569 1970 hace
1591 1925 1797 1973 autem
1818 1922 2028 1971 omnia
2050 1924 2205 1973 anti-

116 2004 226 2050 quo
260 2002 449 2051 opere
481 1989 540 2036 ct
578 2000 818 2035 summo
852 1984 1136 2033 artificio
1167 1985 1356 2036 iacta.
1428 1985 1563 2038 Plut.
1605 1988 1723 2036 Ant.
1756 1989 1818 2035 28
1848 1992 1900 2047 gg
1923 1989 2049 2035 3-4
2085 1989 2205 2037 Phi·

112 2054 256 2113 lotas,
287 2053 562 2116 physician
584 2054 638 2099 to
661 2066 692 2099 a
715 2065 810 2099 son
832 2050 886 2097 oi
907 2049 1179 2109 Antonine,
1204 2066 1260 2099 so
1285 2051 1529 2101 char-med
1548 2050 1633 2099 his
1655 2054 1837 2113 patron
1860 2055 1914 2100 at
1936 2052 2117 2101 dinner
2138 2054 2205 2115 by

114 2132 142 2165 a
162 2120 395 2181 sophism
417 2116 584 2165 which
607 2115 833 2165 silenced
856 2130 887 2163 a
908 2115 1190 2175 vapouring
1214 2117 1397 2177 quack,
1415 2116 1533 2164 that
1553 2116 1644 2164 the
1664 2116 1763 2177 boy
1783 2116 2021 2177 pointing
2039 2120 2095 2165 to
2114 2118 2204 2167 the

110 2183 242 2233 table
263 2183 422 2232 laden
443 2180 568 2229 with
591 2180 772 2241 golden
795 2179 950 2240 plate,
969 2180 1092 2231 ,saizl
1115 2180 1286 2239 ταῦτα,
1318 2181 1357 2229 ὦ
1392 2184 1597 2241 Φιλώτα,
1639 2183 1888 2243 χαρίζομαι
1922 2184 2081 2231 πάντα
2111 2201 2203 2232 σοι.

110 2248 238 2297 Next
261 2249 365 2309 day
384 2247 474 2295 the
495 2246 632 2306 plate
654 2258 758 2293 was
781 2247 914 2301 sent,
947 2242 1038 2291 but
1061 2244 1330 2292 redccmed
1353 2248 1408 2294 at
1430 2245 1500 2293 its
1522 2246 1618 2294 full
1640 2246 1811 2294 value:
1854 2250 1866 2271 ‘
1882 2248 1991 2295 ἴσως
2018 2250 2117 2309 γὰρ
2146 2250 2205 2297 ἄν

109 2317 183 2361 καὶ
207 2316 468 2373 ποθήσειεν
490 2309 515 2359 ὁ
540 2311 702 2373 πατὴρ
723 2313 826 2359 ἔνια,
859 2312 970 2358 τῶν
1005 2328 1042 2357 π·
1057 2311 1240 2358 αλαιῶ
1255 2328 1279 2357 ν
1313 2312 1432 2361 ὄντα.
1456 2314 1533 2359 καὶ
1558 2314 1945 2370 σπουδαζομένων
1966 2316 2089 2361 κατὰ
2116 2315 2205 2373 τήν

106 2382 280 2441 τέχνην
304 2378 494 2439 ἔργων)
560 2376 640 2424 On
661 2375 752 2424 the
774 2377 1030 2423 treasures
1063 2376 1116 2423 of
1149 2378 1230 2423 art
1264 2377 1463 2425 carried
1490 2376 1623 2423 stom
1654 2376 1840 2424 Greece
1869 2376 1933 2437 by
1955 2376 2201 2427 Flamini-

106 2458 202 2492 nus
224 2458 324 2493 no.
357 2442 451 2493 194
483 2457 570 2491 see
601 2441 717 2489 Liv.
736 2454 889 2489 xxx1v
911 2441 998 2497 523
1037 2439 1104 2500 by
1126 2440 1341 2489 Fulvius
1363 2456 1457 2491 uc.
1492 2442 1584 2491 187
1628 2440 1697 2489 ib.
1721 2455 1874 2489 xxxix
1894 2443 1942 2491 5.
2010 2442 2109 2493 Cic.
2139 2443 2201 2492 de

104 2508 226 2570 imp.
246 2510 343 2558 Cn.
367 2508 545 2568 Pomp.
573 2511 599 2568 ς
617 2508 681 2553 40
705 2504 1008 2564 accounting
1031 2505 1111 2551 ior
1133 2505 1224 2553 the
1245 2505 1469 2567 rapidity
1492 2506 1545 2553 of
1567 2506 1832 2567 Pompey’s
1853 2510 2198 2557 movements:

102 2572 165 2621 he
186 2574 296 2623 had
317 2587 390 2621 no
411 2572 723 2620 miraculous
745 2572 881 2619 force
913 2570 966 2618 of
996 2584 1196 2627 rewers,
1230 2584 1301 2617 no
1320 2585 1433 2617 new
1455 2572 1535 2618 art
1557 2572 1611 2619 of
1640 2572 1876 2632 steering,
1907 2587 1975 2620 no
2000 2574 2199 2633 strange

102 2638 264 2687 winds
287 2640 348 2687 to
373 2636 527 2697 speed
548 2636 633 2685 his
657 2650 860 2693 course3
898 2634 993 2683 but
1014 2634 1082 2683 he
1102 2649 1206 2682 was
1229 2634 1336 2681 free
1364 2634 1499 2683 from
1522 2635 1611 2683 the
1635 2636 1883 2685 obstacles
1909 2636 2075 2685 which
2104 2637 2199 2685 im·

102 2703 228 2763 pede
258 2703 470 2751 others:
503 2717 602 2751 non
633 2702 859 2751 avaritia
890 2701 954 2747 ab
991 2702 1226 2749 instituto
1259 2715 1406 2749 cursu
1436 2702 1504 2747 ad
1526 2702 1769 2762 praedam
1798 2703 2022 2763 aliquam
2056 2704 2199 2751 devo·

101 2772 270 2826 cavit;
298 2803 313 2817 .
343 2803 357 2816 .
385 2774 662 2829 ‚postremo
692 2765 871 2825 signa
903 2766 964 2812 et
987 2764 1242 2813 tabulas
1271 2765 1605 2824 ceteraque
1634 2768 1999 2813 ornamenta
2020 2767 2197 2816 Grae-

101 2847 318 2882 corum
357 2831 745 2893 oppidorum,
777 2843 929 2890 quae
968 2828 1160 2877 ceteri
1196 2828 1484 2877 tollenda
1517 2843 1656 2878 esse
1691 2829 2102 2892 arbitrantur,
2138 2848 2197 2881 ea

98 2900 197 2947 sibi
232 2900 328 2947 ille
366 2912 428 2945 ne
463 2898 673 2945 visenda
718 2896 916 2956 quidem
956 2896 1278 2943 existimavit.
1359 2893 1431 2942 ib.
1470 2898 1525 2955 ἕξ
1563 2895 1736 2946 64—7.
1822 2895 1881 2945 Κ.
1918 2896 1979 2944 Ο.
2015 2896 2199 2945 Miiller

97 2961 438 3021 Archaologie
481 2964 534 3021 ἐξ
571 2960 775 3009 164-5,
844 2959 890 3009 J.
929 2960 991 3008 G.
1007 2960 1079 3009 L.
1111 2958 1406 3011 Ramahorn
1451 2958 1513 3007 de
1556 2962 1843 3009 statuarum
1886 2960 1943 3009 in
1987 2960 2199 3011 Graecia

97 3025 458 3084 multitudine,
509 3025 713 3073 Altenb.
761 3026 904 3073 1814.
951 3026 1053 3073 4to.
1129 3025 1192 3073 L.
1238 3025 1429 3073 Klenze
1484 3024 1607 3072 iiber
1657 3025 1749 3073 das
1800 3026 2197 3086 Hinwegfiihren

95 3092 414 3154 plastischer
458 3090 794 3140 Kunstwerke
833 3104 924 3139 aus
972 3089 1364 3149 Griechenland,
1416 3091 1677 3139 Miinchen
1722 3092 1864 3141 1821.
1904 3091 2003 3141 4t0.
2078 3091 2196 3141 Tac.

95 3158 214 3219 Agr.
259 3157 292 3205 6
326 3172 433 3206 cors
467 3163 764 3219 quaesturae
797 3158 1112 3218 provinciam
1149 3157 1340 3214 Asiam,
1374 3172 1471 3217 pro
1504 3158 1700 3205 consule
1736 3158 2032 3205 Saluianum
2072 3157 2197 3204 Titi·

93 3238 250 3271 anum
297 3224 459 3279 dedit,
493 3234 700 3284 qum-um
753 3228 926 3270 neutro
971 3228 1228 3282 comptus
1277 3228 1369 3281 est,
1420 3236 1718 3283 quamquam
1771 3228 1819 3269 et
1868 3220 2089 3281 provin
2100 3220 2197 3270 cia

95 3288 274 3336 dives
317 3300 390 3336 ac
427 3288 647 3349 parata
686 3285 1117 3348 peccantibus,
1154 3293 1201 3335 et
1231 3302 1325 3348 pro
1356 3288 1553 3335 consule
1591 3289 1647 3334 in
1682 3302 1869 3342 omnem
1902 3287 2197 3335 aviditatem

85 3368 280 3415 pronus
323 3352 636 3414 quantalibet
671 3354 934 3414 facilitate
975 3352 1312 3413 redempturus
1343 3358 1465 3399 esset
1497 3358 1717 3398 mutuam
1754 3351 2197 3398 dissimulationem

89 3420 217 3466 mali
245 3453 258 3466 .
288 3454 303 3466 .
333 3451 347 3464 .
377 3451 393 3463 .
413 3416 544 3464 after
581 3415 666 3463 his
703 3414 1024 3477 praetorship
1055 3418 1235 3464 electae
1266 3432 1300 3463 a
1333 3418 1498 3463 Galba
1527 3417 1597 3463 ad
1636 3416 1767 3463 dona
1804 3416 2087 3475 templorum
2120 3431 2194 3464 re-

91 3482 440 3545 coynoscenda
478 3483 869 3541 diliqentisaima
908 3482 1268 3541 conquisitione
1308 3482 1485 3541 effecit,
1522 3495 1583 3527 ne
1624 3482 1766 3535 cuius
1800 3481 2009 3527 alterius
2038 3482 2195 3528 sacri-

89 3551 281 3609 legium
327 3560 408 3595 res
445 3548 655 3607 publica
701 3560 850 3607 quam
885 3546 1096 3593 Neronis
1141 3548 1381 3594 sensisset.
1420 3544 1606 3592 DGass.
1633 3556 1763 3591 mun
1786 3543 1847 3590 11
1872 3545 1896 3603 ἓ
1918 3543 1945 3591 1
1978 3544 2031 3593 oi
2062 3544 2197 3593 Nero

85 3628 185 3663 ΑΛ).
242 3613 312 3662 67
361 3610 527 3671 ὥσπερ
559 3612 642 3659 ἐπὶ
675 3612 874 3669 πολέμῳ
906 3612 1114 3669 σταλείς,
1163 3612 1323 3657 πᾶσαν
1365 3612 1452 3667 μὲν
1495 3608 1583 3667 τὴν
1620 3608 1839 3657 Ἐλλάδα
1883 3611 2195 3669 ἐλεηλάτησε.

88 3677 168 3724 On
193 3679 280 3725 art
305 3675 606 3724 collectione
628 3674 686 3723 in
707 3674 868 3723 Rome
899 3688 983 3722 see
1008 3672 1305 3733 Marquardt
1326 3688 1359 3721 v
1382 3675 1411 3719 2
1435 3674 1531 3721 210
1554 3687 1659 3733 seq.
1684 3674 1793 3727 272.
1866 3672 2197 3723 Ἐτὶεῶὲἱῑιᾱοι·

83 3756 146 3788 m
172 3741 278 3787 210
307 3750 413 3795 seq.

85 3804 195 3859 101
233 3811 497 3848 eranum
528 3800 664 3847 Plin.
687 3816 818 3848 xxxv
838 3807 864 3863 §
886 3804 948 3851 45
987 3806 1194 3866 Tyrium
1215 3810 1307 3851 aut
1340 3805 1657 3852 Gaetulicum
1685 3805 1765 3851 vel
1797 3803 2195 3865 Laconicum,

76 3863 252 3913 &nde
276 3863 797 3923 pretiosissimae
819 3880 1162 3930 purpurae..
1192 3866 1272 3917 ib..
1288 3880 1375 3918 ΧΠ
1397 3869 1455 3915 22
1477 3868 1565 3931 (8).
1612 3882 1667 3916 11
1689 3868 1753 3915 60
1776 3866 1898 3933 (36).
1944 3869 2070 3917 Hor.
2092 3882 2133 3917 c.
2152 3881 2196 3930 11
