2725 4317
171 292 286 351 1¹73
309 283 454 352 '1⁷41
801 286 1110 337 morsm
1154 284 1665 338 VEGETARIANS.
1752 288 1763 293 ·
2117 291 2258 363 397

173 437 268 486 the
289 437 496 486 natural
515 437 606 485 liie
626 437 808 497 taught
832 438 1006 502 (Glem.
1030 438 1108 487 Al.
1127 441 1216 487 str.
1229 441 1342 498 ηις
1359 439 1423 487 32
1445 437 1559 497 fin.)
1582 439 1645 489 ὡς
1664 436 1939 499 ἀσύμφορόν
1961 439 2094 487 ἐστιν
2115 438 2146 495 ἡ
2168 434 2255 487 διὰ·

173 505 272 549 τῶν
295 506 484 561 σαρκῶν
514 507 671 563 τροφὴ
692 505 980 563 εἰργασμένη
1007 505 1099 562 ἤδη
1131 508 1210 550 καὶ
1243 505 1569 561 ἐξομοιουμένη
1589 505 1692 551 ταῖς
1716 500 1809 550 τῶν
1834 501 2025 564 ἀλόγων
2051 504 2239 563 ψυχαῖς.

174 566 282 613 Cic.
305 580 359 614 n.
384 564 433 614 d.
457 580 522 613 111
543 570 569 626 5
590 568 654 613 88
676 566 986 627 Pythagoras
1005 565 1172 614 would
1193 570 1286 614 not
1301 565 1437 613 stain
1460 567 1615 615 altars
1637 565 1761 613 with
1780 565 1946 613 blood.
2000 566 2064 613 cf.
2082 566 2239 613 Macr.

173 642 242 676 111
264 629 298 677 6
318 632 345 689 5
367 631 413 677 2.
463 631 572 677 DL.
593 644 690 677 vm
712 634 764 689 55
786 631 862 678 20.
885 630 965 677 22.
1019 630 1154 679 Plut.
1174 629 1236 678 de
1258 643 1351 678 esu
1380 642 1518 677 carn.
1541 644 1563 677 1
1578 634 1607 689 5
1624 631 1651 677 1
1674 643 1725 689 p.
1741 631 1875 679 993⁸.
1922 628 2103 679 Strabo
2124 630 2234 679 298.

175 694 316 741 Sext.
349 694 502 753 Emp.
538 708 592 741 11
624 696 736 743 127.
798 693 981 741 Iambl.
1020 696 1170 753 myst.
1201 695 1232 742 5
1263 696 1290 753 5
1321 693 1348 740 1
1380 692 1585 753 priests.
1628 693 1827 741 adhort.
1859 693 1925 741 ad
1956 692 2141 754 philos.
2174 694 2237 741 21

175 758 342 817 symb.
377 759 438 806 39
469 772 552 819 pp.
583 759 694 807 317.
725 759 820 808 379
852 757 912 807 Κ.
967 772 1016 805 v·
1044 756 1194 819 Pyth.
1240 760 1267 817 5
1301 758 1415 806 187.
1466 757 1653 817 Porph.
1691 757 1821 805 abst.
1860 770 1883 804 1
1917 757 1991 807 15.
2028 759 2107 805 23.
2142 758 2231 807 vit.

171 820 329 880 Pyth.
355 820 410 868 in
432 821 580 869 Phot.
604 836 654 882 p.
679 822 811 870 438⁸.
877 821 1117 869 Philostr.
1143 820 1239 881 Ap.
1263 836 1285 869 1
1308 823 1336 868 1
1359 824 1389 881 5
1408 821 1456 869 1.
1520 820 1723 868 Lobeck
1749 820 1999 881 Aglaoph.
2023 822 2233 870 190-2,

173 884 314 933 Tert.
342 885 471 945 apol.
496 886 560 933 48
581 900 656 946 pr.
681 901 772 946 aye
793 889 898 934 iam
916 888 964 933 ci
994 888 1104 947 quis
1117 888 1445 947 philosophus
1473 886 1692 945 affirmet,
1722 891 1781 932 ut
1802 887 1879 932 ait
1897 886 2141 933 Laberius
2175 888 2234 933 de

167 952 420 997 sententia
439 950 771 1010 Pythayorae,
792 951 1162 1011 hominemfien'
1177 964 1238 997 ea·
1252 950 1385 997 mulo
1403 983 1418 997 .
1442 984 1456 998 .
1482 984 1495 997 .
1522 984 1536 998 .
1554 962 1711 997 nonne
1732 962 2013 998 consensum
2031 949 2234 997 movebit

169 1019 219 1060 et
239 1014 400 1074 fidem
427 1014 599 1074 infiget
631 1017 783 1061 etiam
814 1013 885 1062 ab
920 1013 1291 1061 animalibus
1321 1010 1711 1061 abstinendi?
1738 1019 2093 1073 proptereaque
2118 1027 2231 1075 per-

167 1091 372 1123 suasum
413 1080 524 1137 quis
570 1078 760 1138 habeat,
796 1092 858 1125 ne
891 1076 1030 1139 sorte
1072 1078 1302 1125 bubulam
1335 1078 1397 1124 de
1431 1078 1605 1137 aliquo
1639 1090 1829 1137 proavo
1866 1090 1955 1124 suo
1998 1077 2230 1123 obsonet?

167 1140 368 1188 Minue.
387 1140 496 1188 Fel.
519 1141 598 1188 34.
669 1141 862 1189 Seneca
887 1139 1040 1206 (cited
1060 1153 1146 1188 nv
1165 1142 1230 1190 98
1249 1154 1302 1190 n.
1329 1154 1379 1201 p.
1410 1140 1523 1203 306)
1546 1152 1625 1199 ep.
1651 1140 1745 1187 108
1766 1142 1793 1200 5
1815 1140 1875 1190 17
1897 1154 1997 1187 uon
2019 1140 2231 1200 pudebit

155 1206 342 1265 fateri,
371 1220 512 1265 quem
531 1206 656 1253 mihi
677 1219 886 1253 amorem
917 1204 1296 1267 Pythagorae
1327 1206 1559 1253 iniecerit
1581 1204 1771 1254 Sotion.
1838 1204 2049 1262 dicebat,
2078 1219 2229 1264 quare

165 1270 260 1315 ille
294 1268 666 1317 animalibus
707 1268 1139 1328 abstinuisset,
1187 1283 1340 1329 quare
1374 1276 1549 1329 postea
1582 1268 1796 1317 Sextius.
1868 1302 1882 1317 .
1914 1301 1927 1314 .
1953 1270 2016 1327 .5
2052 1268 2113 1315 18
2147 1269 2229 1315 hic

167 1333 358 1379 homini
377 1335 506 1381 satis
525 1335 868 1381 alimentorum
887 1335 1018 1380 citra
1036 1333 1328 1393 sanquinem
1345 1347 1447 1381 esse
1472 1332 1696 1380 credebat
1718 1338 1765 1380 et
1786 1333 2095 1379 crudelitatis
2116 1346 2227 1380 cort-

164 1397 472 1444 suetudinem
479 1397 616 1458 fieri,
643 1399 730 1444 ubi
750 1399 808 1445 in
827 1398 1128 1457 voluptatem
1147 1403 1270 1445 esset
1291 1398 1512 1445 adducta
1534 1398 1771 1445 laceratio
1795 1419 1812 1437 ο
1835 1397 2087 1443 adiciebat
2116 1410 2229 1444 cou-

165 1460 462 1507 trahendam
481 1463 742 1508 mter-iam
769 1476 867 1509 eece
892 1462 1134 1511 luxuriae.
1195 1462 1461 1521 colligebat
1492 1462 1645 1508 bonae
1665 1461 1949 1509 valetudini
1970 1462 2227 1509 contraria

164 1538 270 1570 esse
301 1524 542 1571 alimenta
571 1528 717 1573 varia
747 1532 795 1573 et
825 1527 1006 1573 nostris
1038 1526 1207 1573 aliena
1247 1526 1544 1585 corporibus.
1608 1527 1635 1584 5
1670 1526 1731 1573 19
1762 1532 1820 1573 at
1851 1524 2227 1585 Pythagoras

162 1589 383 1635 omnium
401 1589 532 1636 iuter
552 1591 718 1635 omnia
746 1590 1078 1650 coquatiouem
1109 1603 1206 1637 esee
1236 1590 1433 1637 dicebat
1454 1596 1503 1636 et
1524 1591 1796 1637 animorum
1816 1592 2151 1637 commercium
2169 1592 2227 1637 in

162 1652 301 1697 alias
334 1658 494 1712 atque.
515 1654 647 1699 alias
669 1653 860 1713 formas
895 1656 1250 1701 transeuntium
1273 1687 1286 1700 .
1312 1686 1325 1699 .
1349 1688 1364 1703 .
1396 1688 1409 1702 .
1435 1655 1637 1701 interim
1670 1652 1923 1700 sceleris
1960 1652 2225 1701 homini-

162 1713 279 1761 bus
311 1728 376 1761 ac
408 1716 728 1775 parricidii
759 1719 984 1764 metum
1017 1716 1182 1773 iecit,
1215 1730 1348 1765 cum
1392 1716 1637 1777 possint
1679 1715 1746 1764 in
1782 1717 2061 1776 par-entis
2095 1716 2225 1764 ani-

160 1791 321 1825 mam
359 1778 544 1827 inscii
576 1779 884 1829 incurrere
916 1783 974 1828 et
1018 1782 1181 1828 ferro
1223 1794 1507 1829 morsuve
1539 1779 1789 1836 violare,
1822 1782 1867 1827 ci
1900 1782 1957 1827 in
1989 1794 2083 1839 quo
2114 1795 2222 1839 coy-

159 1847 313 1889 mtus
335 1843 498 1903 aliqui
519 1846 725 1904 spiritus
749 1845 1094 1904 hospitaretur.
1146 1848 1174 1905 5
1195 1846 1258 1893 20
1281 1849 1294 1871 ‘
1310 1844 1391 1893 Do
1412 1858 1513 1905 you
1532 1846 1623 1891 not
1646 1844 1833 1891 believe
1854 1841 1909 1889 in
1929 1842 2035 1890 this
2057 1845 2219 1891 trans-

158 1905 462 1964 migration’
484 1905 640 1955 asked
662 1907 856 1955 Sotion.
921 1912 948 1967 5
968 1910 1029 1954 21
1063 1908 1240 1957 ‘Gi-eat
1259 1923 1381 1957 men
1400 1908 1529 1956 have
1551 1906 1777 1955 believed
1798 1906 1852 1955 it.
1912 1908 1958 1953 si
1974 1921 2092 1954 vera
2106 1914 2223 1954 eunt

157 1972 286 2027 ista,
319 1969 696 2019 abstinuisse
729 1970 1094 2020 animalibus
1125 1971 1483 2021 innocentia
1514 1974 1618 2021 est.
1688 1973 1735 2018 ei
1756 1971 1913 2031 salsa,
1938 1970 2220 2030 fruyalae'tas

157 2040 252 2081 est.
317 2035 444 2095 qued
474 2037 592 2082 istic
623 2036 934 2083 credulitatis
967 2042 1080 2083 tuae
1111 2037 1342 2084 damnum
1375 2040 1481 2084 est?
1535 2036 1772 2083 alimenta
1806 2036 1899 2082 tibi
1938 2036 2129 2083 leonum
2171 2042 2220 2082 et

155 2099 409 2146 voltur-um
459 2098 649 2160 eripio?
729 2102 756 2159 5
799 2100 860 2145 22
903 2100 980 2147 his
1031 2114 1114 2159 eye
1165 2101 1429 2147 instinctus
1481 2097 1792 2148 abstinere
1850 2097 2219 2147 animalibus

155 2164 298 2222 coepi
343 2170 391 2211 et
433 2178 565 2211 anuo
607 2170 810 2224 peracto
853 2177 952 2211 non
995 2170 1186 2211 tantum
1224 2165 1407 2225 facilis
1455 2170 1561 2211 erat
1610 2164 1737 2210 mihi
1780 2163 2087 2222 consuetude,
2133 2165 2219 2209 sed

157 2227 340 2273 dulcis.
407 2228 722 2289 aqitatiorem
763 2228 890 2275 mihi
929 2230 1142 2275 animum
1186 2242 1285 2275 esse
1325 2228 1575 2275 credebam
1614 2242 1705 2275 ‘nec
1750 2228 1845 2275 tibi
1884 2227 2027 2276 hodie
2068 2228 2215 2289 adfir-

156 2293 410 2349 maverun,
436 2306 505 2337 an
527 2294 700 2351 suerit.
775 2291 858 2337 He
886 2306 990 2338 was
1020 2291 1253 2352 reported
1282 2294 1338 2340 to
1371 2291 1499 2339 have
1522 2290 1737 2352 escaped
1760 2291 1943 2352 poison
1973 2290 2218 2339 intended

157 2354 240 2401 for
269 2354 382 2401 him
414 2354 481 2415 by
513 2355 646 2402 Nero
681 2355 797 2403 Tac.
820 2368 885 2403 xv
906 2356 968 2403 45
991 2356 1082 2403 fin.
1117 2356 1232 2403 dum
1261 2354 1649 2417 persimplici
1679 2355 1846 2403 victu
1878 2358 1935 2403 et
1966 2355 2217 2414 agresti-

157 2417 266 2465 bus
295 2418 492 2477 pomis
523 2434 598 2479 ac,
637 2421 683 2466 ei
708 2420 820 2467 sitis
853 2420 1146 2477 admoneret,
1177 2421 1451 2481 profluente
1482 2436 1619 2481 aqua
1642 2422 1801 2468 vitam
1827 2421 2019 2467 tolerat.
2085 2418 2211 2467 Gen.

155 2494 266 2529 xvn
284 2484 316 2529 8
333 2486 360 2541 5
383 2484 413 2529 2
446 2482 535 2531 the
557 2482 884 2543 philosopher
906 2482 1102 2530 Taurus
1129 2484 1269 2532 often
1290 2483 1487 2531 invited
1516 2499 1579 2532 us
1611 2488 1667 2532 to
1702 2498 1889 2544 supper
1914 2485 1969 2531 at
2002 2482 2212 2532 Athens,

144 2548 384 2607 frequens
422 2548 530 2594 eius
567 2561 714 2594 cenae
749 2548 941 2608 fundus
973 2554 1019 2595 et
1051 2549 1419 2609 firmamentum
1455 2563 1591 2597 omne
1625 2556 1734 2596 erat
1770 2550 1893 2595 aula
1930 2562 2034 2595 una
2070 2549 2214 2595 lenti-s

151 2611 408 2671 Eyyptiae
442 2619 489 2658 et
523 2612 810 2659 cucurbitae·
840 2612 970 2659 inibi
1007 2614 1238 2661 minutim
1272 2627 1457 2661 caesae.
1522 2614 1605 2661 An
1636 2613 1893 2673 Egyptian
1925 2612 2216 2671 vegetarian

151 2672 358 2722 Heliod.
407 2688 452 2720 11
495 2675 574 2722 23.
641 2674 746 2721 Use
779 2675 834 2721 oi
863 2674 1060 2722 leather
1101 2674 1366 2723 forbidden
1406 2675 1605 2724 Lobeck
1637 2675 1883 2737 Aglaoph.
1919 2676 2033 2723 245.
2096 2675 2217 2722 Pro-

148 2737 270 2785 klus
302 2736 551 2801 (Marinus
585 2738 675 2785 vit.
707 2738 868 2785 Procl.
908 2740 990 2799 12)
1029 2738 1296 2787 abstained
1330 2740 1467 2787 from
1500 2739 1645 2799 fiesh,
1690 2740 1783 2788 but
1820 2754 1921 2787 was
1958 2738 2118 2799 urged
2147 2739 2216 2799 by

144 2800 236 2849 his
283 2804 476 2849 master
519 2800 760 2849 Plutarch
797 2816 892 2849 son
936 2803 989 2849 oi
1029 2801 1296 2849 Nestorius
1339 2806 1459 2863 μηδὲ
1501 2807 1679 2853 τούτων
1720 2806 1881 2863 πάντῃ
1924 2802 2205 2863 ἀπέχεσθαι,

143 2869 279 2916 ὅπως
299 2866 358 2913 ἂν
377 2868 454 2913 καὶ
477 2868 534 2913 τὸ
555 2868 693 2925 σῶμα
717 2867 969 2927 ὑπηρετοῦν
991 2869 1094 2925 ἔχοι
1115 2870 1219 2915 ταῖς
1243 2870 1466 2928 ψυχικαῖς
1488 2870 1755 2927 ἐνεργείαις.

1012 2929 1124 2987 1¹74
1151 2944 1344 2977 murm
1376 2944 1619 2979 mnunsn
1650 2944 1753 2977 nos
1786 2942 1928 2977 cmm
1958 2942 2210 2977 manuus

141 3008 212 3041 111
252 2994 364 3043 229.
435 2992 558 3042 Hor.
602 2992 738 3040 cited
771 3006 839 3040 on
861 2993 906 3041 9.
941 2993 1127 3041 Daniel
1160 2996 1188 3041 1
1223 2996 1270 3042 8.
1303 2996 1383 3041 12.
1412 2994 1486 3043 16.
1522 2996 1585 3041 10
1606 2996 1653 3041 3.
1690 2995 1720 3041 2
1753 2992 1903 3041 Esdr.
1939 2994 1969 3041 9
2004 2995 2207 3040 24-26.

139 3057 333 3105 Enoch
363 3060 392 3107 7
415 3058 446 3103 4
469 3058 498 3105 5
521 3057 803 3104 Dileann.
836 3056 960 3106 Hdt.
995 3070 1039 3103 11
1060 3059 1142 3107 37.
1199 3057 1334 3108 Sext.
1363 3058 1516 3119 Emp.
1538 3056 1721 3118 Pyrrh,
1746 3059 1857 3116 1115
1888 3057 1981 3103 224
2014 3060 2125 3105 ἔνιοι
2161 3060 2209 3105 δὲ

141 3126 326 3170 θᾶττον
357 3121 416 3168 ἂν
447 3124 532 3169 τὰς
565 3122 778 3181 κεφαλὰς
810 3124 983 3181 φαγεῖν
1015 3125 1135 3182 φασὶ
1167 3125 1262 3170 τῶν
1293 3124 1512 3184 πατέρων
1540 3122 1572 3181 ἢ
1601 3118 1817 3179 κυάμους.
1882 3120 2017 3168 Plut.
2042 3134 2206 3181 symp.

139 3200 234 3245 qu.
258 3198 359 3231 v111
381 3186 412 3231 8
433 3186 464 3231 2
487 3188 514 3244 5
537 3188 582 3232 2.
608 3186 638 3231 3
661 3188 687 3244 ἐ
711 3186 786 3233 15.
858 3185 1032 3246 Chrys.
1060 3184 1202 3233 hom.
1225 3186 1282 3233 in
1313 3186 1391 3234 Io.
1415 3200 1459 3233 11
1480 3190 1509 3235 2
1531 3200 1582 3246 p.
1606 3186 1707 3233 10·.
1774 3186 1931 3241 δειλοὶ,
1951 3184 2207 3240 πάνδειλοι,

137 3249 336 3307 κυάμων
368 3251 464 3295 ἄπο
493 3250 654 3310 χεῖρας
691 3252 875 3309 ἔχεσθε·
908 3248 916 3314 Ι
941 3251 1045 3298 ἶσόν
1069 3268 1143 3297 τοι
1177 3248 1379 3307 κυάμους
1410 3268 1467 3299 τε
1499 3252 1673 3311 φαγεῖν
1703 3249 1913 3308 κεφαλάς
1943 3267 1998 3295 τε
2030 3252 2209 3307 τοκήων

138 3321 336 3373 (verses
358 3311 588 3359 ascribed
609 3315 664 3359 to
684 3312 996 3373 Pythagoras
1019 3328 1075 3361 or
1103 3317 1159 3361 to
1195 3314 1444 3375 Orpheus,
1471 3314 1642 3362 whose
1665 3312 1839 3361 school
1860 3312 1917 3359 in
1940 3311 2045 3359 this
2069 3326 2126 3359 as
2152 3312 2207 3359 in

136 3389 288 3426 some
311 3375 458 3423 other
488 3376 664 3436 points
689 3376 868 3436 agreed
891 3377 1020 3424 with
1047 3377 1136 3425 the
1161 3377 1517 3438 Pythagorean
1544 3377 1797 3439 Didymus
1816 3376 1875 3423 in
1897 3390 2039 3435 geop.
2071 3390 2113 3423 11
2144 3377 2205 3423 35

131 3456 190 3502 p.
215 3441 324 3488 183.
344 3438 476 3489 Plat.
495 3440 624 3500 legg.
644 3439 778 3489 782⁶.
837 3440 1040 3488 Lobeck
1059 3441 1306 3502 Aglaoph.
1331 3439 1622 3505 246—251).
1679 3440 1807 3489 This
1826 3439 2138 3501 prohibition
2160 3440 2205 3486 is

133 3502 366 3553 attested
395 3502 465 3564 by
484 3503 696 3551 Aristot.
729 3502 788 3551 in
820 3503 928 3550 DL.
957 3518 1054 3551 vm
1085 3508 1112 3564 5
1143 3506 1207 3553 34
1242 3506 1306 3555 ci.
1340 3506 1419 3553 19.
1456 3505 1535 3553 33.
1594 3504 1791 3553 Gallim.
1820 3505 1877 3551 in
1904 3504 2033 3551 Gell.
2068 3518 2123 3550 Ν
2145 3506 2203 3551 11

131 3572 162 3629 5
197 3568 230 3615 2
264 3569 345 3615 καὶ
379 3567 602 3625 κυάμων
637 3570 748 3616 ἄπο
785 3570 982 3630 χεῖρας
1011 3572 1182 3627 ἔχειν,
1216 3568 1481 3619 οἱνιῶντος
1510 3572 1787 3626 ἐδεστοῢς,
1817 3567 1826 3633 Ι
1856 3565 2205 3626 κάγώ,Πυθα-

129 3635 320 3695 γόρας
360 3629 430 3681 ὠς
477 3634 724 3689 ἐκέλευε,
774 3634 922 3693 λέγω.
989 3631 1091 3679 Cic.
1131 3631 1288 3680 divin.
1325 3646 1347 3680 1
1385 3636 1413 3692 5
1452 3634 1512 3681 62
1542 3634 1677 3681 iubet
1711 3669 1722 3682 .
1755 3667 1767 3679 .
1792 3667 1805 3680 .
1838 3633 1989 3680 Plato
2032 3634 2105 3679 cic
2140 3633 2207 3679 ad

127 3709 359 3746 somnum
384 3696 640 3757 proficisci
671 3696 948 3756 corporibus
983 3697 1212 3757 adfectis,
1252 3704 1308 3744 ut
1343 3699 1479 3745 m'hil
1514 3699 1583 3744 eit
1622 3698 1750 3757 quod
1786 3710 1993 3745 errorem
2012 3697 2204 3744 animis

121 3760 652 3823 perturbationemque
675 3760 886 3821 adserat.
955 3761 1086 3807 uncle
1119 3759 1551 3820 Pythagoricis
1580 3759 1977 3808 interdictum
1993 3767 2206 3821 putatur

126 3838 210 3874 ne
255 3822 401 3871 faba
429 3826 846 3871 vescerentur.
889 3824 954 3871 cf.
979 3836 1022 3872 11
1053 3824 1211 3885 5119.
1251 3824 1378 3874 Hor.
1398 3838 1497 3873 s.11
1520 3824 1551 3872 6
1574 3824 1636 3873 63
1659 3822 2037 3885 Pythagorae
2070 3838 2215 3885 cog--
