2725 4317
175 288 478 355 113—1161
607 288 934 349 CORINTH.
1001 296 1447 351 DEPILATION.
1510 300 1729 355 SPAIN.
1800 300 2004 354 GAUL.
2190 309 2225 358 2
2243 306 2281 379 7

167 435 335 487 Ρόδον
353 434 518 486 ἐκάλει
548 437 834 500 μνηστήρων
866 435 1020 487 πόλιν.
1091 438 1314 517 χρώματι
1344 437 1451 494 μὲν
1484 439 1563 486 είς
1596 437 1855 485 ἀσωτίαν
1884 434 2282 485 διαλλάττειν

173 502 402 551 ἐκείνων
445 503 760 565 ἡγούμενος
813 500 1038 561 αὐτούς,
1091 500 1338 562 ὁμοιότητι
1383 503 1423 551 δ’
1470 505 1534 550 εἰς
1578 504 1901 562 καταφέρειαν
1955 501 2156 560 ἡδονῆς.

173 568 388 631 εἰκάζων.
1480 578 1685 614 uxoren
1718 567 1984 627 unquentis
2006 566 2280 613 madentem

170 631 319 681 ci.v1
340 632 546 682 297.x1
567 633 680 682 122.

171 710 486 751 uncti-suomi
520 710 814 746 comninos
847 711 915 745 111
954 696 1032 747 61.
1071 696 1261 747 Wetst.
1297 711 1366 745 on
1406 697 1443 743 1·
1458 696 1573 745 Cor.
1603 697 1631 743 l
1656 697 1702 745 2.
1766 696 1797 745 6
1833 697 1863 745 9
1899 709 2004 757 seq.
2069 693 2174 745 Cic.
2216 694 2280 743 de

168 775 222 809 re
242 775 297 822 p.
328 774 372 808 11
392 764 452 823 ἐξ
477 762 604 811 7-8
628 760 846 809 Corinth
870 761 936 823 by
957 762 1028 810 its
1055 776 1339 811 commerce
1365 760 1669 809 withdrawn
1689 761 1824 808 from
1845 756 2153 821 agriculture
2176 759 2280 809 and

169 826 308 874 from
337 840 470 885 παι-ς
502 824 731 873 luxuries
758 825 1046 887 imported3
1084 828 1232 874 habet
1269 828 1377 873 iam
1410 825 1762 873 amoenitas
1791 825 1931 885 ipsa
1952 825 2050 873 vel
2084 838 2279 885 sump-

169 893 392 939 tuosas
434 889 536 939 vel
567 888 924 938 desidiosas
954 891 1311 939 inlecebras
1347 890 1583 938 multas
1616 888 2056 950 cupiditatum.
2124 888 2278 938 Mart.

167 969 202 1004 x
246 956 312 1005 65
355 956 386 1002 1
431 968 537 1015 seq.
581 969 693 1003 cum
742 962 788 1003 te
831 958 1130 1017 municipem
1172 953 1650 1002 Corinthiorum
1690 965 1698 1017 Ι
1739 956 1914 1013 iactes,
1960 954 2272 1013 Oarmenion‚

167 1027 387 1081 negante
431 1022 605 1077 nullm
647 1018 658 1083 Ι
697 1050 714 1073 .
741 1050 758 1071 .
787 1056 800 1071 .
831 1027 886 1068 tu
913 1022 1056 1082 flexa
1099 1021 1294 1067 nitidus
1338 1034 1478 1066 coma
1520 1020 1742 1079 vayaris,
1783 1017 1793 1082 Ι
1827 1017 2143 1078 Hispanis
2192 1032 2276 1079 eqo

168 1094 442 1135 contumax
484 1086 704 1147 capillis,
738 1083 747 1149 Ι
776 1083 936 1133 levis
987 1084 1248 1145 dropace
1289 1087 1357 1132 tu
1404 1081 1796 1143 quotidiano·
1862 1081 1931 1136 ib.
1968 1083 2031 1131 68
2066 1083 2274 1133 10—11.

167 1149 518 1211 Paroemiogr.
546 1164 620 1209 gr.
651 1149 794 1197 Gott.
820 1163 840 1197 1
865 1149 975 1197 135.
1013 1164 1055 1196 11
1080 1150 1190 1197 180.

166 1213 458 1272 114—115
494 1214 556 1262 16
578 1229 634 1264 ιι.
699 1214 830 1263 Plin.
855 1218 984 1274 x1v§
1010 1216 1102 1261 123
1130 1216 1382 1275 pudetque
1416 1216 1660 1277 confiteri,
1692 1216 1963 1263 maa-imum
1993 1214 2098 1262 iam
2132 1214 2279 1261 hono-

165 1295 270 1328 rem
309 1282 420 1327 eius
457 1279 703 1340 [resinae]
738 1294 840 1327 esse
878 1281 934 1327 in
980 1278 1334 1327 evellendis
1377 1278 1657 1327 virorum
1690 1278 1934 1339 corpori
1966 1278 2139 1339 pilis.
2206 1277 2277 1325 ib.
2330 1293 2339 1326 ε

164 1358 289 1391 xx1x
311 1347 342 1405 ἓ
363 1344 428 1392 26
450 1345 547 1391 illa
562 1345 824 1405 perdidere
848 1345 1049 1403 imperii
1072 1358 1226 1391 mores
1244 1379 1256 1391 .
1283 1379 1296 1391 .
1327 1378 1338 1390 .
1362 1343 1640 1406 pilorum
1673 1341 1941 1391 eviratio
1974 1342 2279 1390 instituta
2324 1340 2331 1348 ‘

163 1408 426 1457 resinis.
493 1407 707 1468 Quintil.
736 1421 768 1455 v
792 1409 821 1456 9
844 1411 870 1467 5
898 1408 960 1454 14
982 1410 1202 1470 fortasse
1227 1422 1452 1469 corpus
1484 1408 1747 1467 vulsum,
1771 1410 1995 1470 fractum
2016 1410 2272 1467 incessum,

163 1481 353 1522 vestem
387 1474 671 1521 muliebrem
693 1474 880 1520 dixer-it
913 1472 1126 1520 mollis
1161 1477 1222 1519 et
1255 1487 1470 1533 parum
1503 1472 1628 1520 viri
1660 1472 1853 1533 signa,
1887 1474 1931 1519 si
1954 1474 2039 1521 eui
2064 1505 2077 1521 .
2104 1502 2118 1523 ι
2143 1510 2156 1523 .
2180 1508 2193 1521 .
2218 1479 2277 1520 ut

161 1540 378 1599 sanquis
401 1552 426 1585 e
449 1538 614 1597 caede,
643 1538 722 1585 ita
745 1539 842 1585 illa
877 1553 936 1585 ea:
965 1539 1286 1599 impudicitia
1308 1540 1471 1600 fluere
1505 1539 1790 1587 videantur.
1865 1536 2035 1597 Scipio
2064 1536 2120 1584 in
2144 1536 2275 1588 Gell.

162 1615 368 1652 v1=v11
408 1603 468 1649 12
499 1606 526 1663 g
556 1602 585 1649 5
619 1616 736 1649 nam
770 1604 860 1662 qui
893 1602 1077 1650 cotidie
1111 1603 1448 1663 unquentatus
1476 1604 1740 1651 adversum
1771 1604 2025 1665 speculum
2054 1609 2274 1659 ornetur,

160 1670 310 1716 euius
348 1668 623 1728 supercilia
659 1668 924 1726 radantur,
971 1666 1077 1727 qui
1131 1665 1322 1715 barba
1380 1666 1563 1719 yulsa
1607 1666 1923 1715 seminibu
1938 1680 2091 1727 sque
2140 1666 2273 1715 sub-

161 1730 381 1780 vulsis
427 1731 727 1789 ambulet,
752 1764 766 1779 .
791 1758 804 1779 0
826 1763 842 1783 ,.
873 1747 1042 1779 eum-ne
1089 1734 1354 1793 quisquam
1377 1733 1583 1791 dubitet,
1612 1734 1737 1793 quin
1757 1734 1888 1779 idem
1905 1733 2103 1793 fecerit,
2145 1732 2275 1792 quod

159 1798 372 1845 cinaedi
399 1798 573 1859 facere
611 1798 805 1844 solent?
873 1795 1074 1844 Lucian
1098 1795 1162 1843 de
1183 1810 1339 1844 merc.
1374 1795 1520 1844 cond.
1544 1798 1608 1846 33
1634 1795 1988 1855 Thesmopolis
2022 1794 2110 1843 the
2136 1795 2273 1844 Stoic

147 1862 304 1915 lived.
325 1860 386 1909 in
407 1859 498 1909 the
515 1860 680 1908 house
702 1860 758 1909 of
778 1875 809 1908 a
829 1859 945 1909 rich
967 1860 1071 1908 and
1091 1860 1358 1909 luxurious
1382 1859 1522 1922 lady:
1548 1862 1605 1909 τὸ
1626 1863 1713 1921 μὲν
1730 1862 1919 1923 πρῶτον
1932 1860 2276 1909 ἐκεῖνσπαθεῖν

161 1930 260 1988 ἔφη
291 1925 628 1989 γελοιότατον,
652 1928 1029 1990 συγκαθίζεσθαι
1049 1924 1166 1988 παρ’
1192 1924 1323 1987 αὐτῷ
1343 1926 1700 1987 παραδεδόσθαι
1723 1924 1983 1986 φιλοσόφῳ
2003 1927 2103 1973 ὄντι
2132 1928 2273 1974 κίναι·

160 1992 244 2041 δόν
277 2008 394 2041 τινα
427 1992 524 2039 τῶν
565 1992 1033 2049 πεπιττωμένων
1063 1993 1130 2041 τὰ,
1168 1994 1320 2051 σκέλη
1351 1994 1429 2042 καὶ
1475 1992 1559 2041 τὸν
1600 1994 1809 2051 πώγωνα
1854 1992 2267 2052 περιεξυρημένων.

159 2055 469 2119 Marquardt
511 2070 545 2104 v
586 2057 617 2104 2
662 2056 774 2104 368.
819 2056 948 2103 lexx.
998 2058 1186 2119 ψίλωθρ
1189 2075 1256 2105 ον.
1302 2057 1624 2117 psilothrum.
1690 2054 1892 2103 Movere
1936 2068 1979 2102 11
2013 2055 2043 2101 3
2078 2055 2269 2102 220-3

155 2120 428 2170 identifies
452 2120 594 2181 (with
616 2120 706 2168 the
729 2134 828 2169 Lxx
858 2120 961 2169 and
978 2120 1135 2181 vulg.)
1158 2123 1329 2169 resina
1348 2119 1475 2167 with
1498 2119 1586 2167 the
1609 2119 1751 2168 balm
1772 2120 1826 2166 of
1848 2117 2051 2167 Gilead.
2118 2118 2270 2167 Mart.

155 2200 236 2235 111
277 2188 348 2233 32
385 2186 547 2233 21-—2
580 2200 667 2234 nec
694 2188 851 2247 plena
887 2187 1025 2247 turpi
1063 2188 1241 2235 matris
1283 2187 1389 2233 olla
1430 2184 1646 2232 resina
1672 2184 1681 2239 Ι
1712 2185 2124 2232 Summoenianae
2170 2199 2273 2245 qua
2318 2229 2323 2237 ,

155 2250 466 2311 pilantur
499 2265 688 2299 uxores.
759 2249 830 2297 11).
867 2264 932 2298 111
969 2250 1032 2301 74
1061 2249 1108 2300 4.
1181 2250 1315 2299 Tert.
1354 2248 1417 2296 de
1446 2249 1566 2311 pall.
1597 2250 1627 2295 3
1654 2248 1745 2297 fin.
1780 2248 1911 2296 unde
1949 2249 2085 2309 apud
2115 2249 2271 2297 hirtos

103 2352 108 2357 .
157 2323 205 2363 et
247 2318 493 2372 hirsutos,
530 2322 633 2363 tam
670 2328 866 2376 rapax
904 2314 976 2363 ab
1020 2315 1122 2363 ala
1157 2314 1386 2373 resina,
1447 2321 1549 2361 tam
1602 2314 1787 2361 furax
1830 2327 1861 2359 a
1899 2314 2103 2361 mento
2148 2311 2270 2360 vol·
2322 2327 2331 2339 ·

155 2380 396 2429 891182.
455 2395 666 2428 .revera
699 2382 833 2428 enim
875 2382 1024 2441 quale
1068 2387 1143 2428 est
1193 2377 1551 2427 Graecatim
1596 2377 1873 2439 depilari
1921 2379 2080 2439 magis
2122 2392 2273 2441 quam

153 2447 394 2494 amiciri.
387 2450 404 2481 ²
475 2443 634 2492 Clem.
659 2444 739 2492 Al.
764 2444 908 2505 paed.
939 2459 1004 2492 111
1027 2446 1101 2505 35
1127 2446 1187 2493 15
1212 2458 1316 2505 seq.

155 2510 266 2567 116
293 2509 403 2558 Cic.
430 2508 494 2558 de
515 2523 655 2569 proV.
692 2523 828 2559 cons.
862 2512 914 2569 §5
947 2510 1028 2558 29.
1064 2510 1240 2558 32-4,
1309 2509 1429 2557 Tac.
1465 2509 1581 2571 Agr.
1616 2510 1679 2559 24
1711 2512 1758 2558 si
1792 2510 1991 2571 quidem
2018 2510 2272 2559 Hibernia

151 2576 324 2623 medio
359 2576 496 2623 inter
538 2575 866 2623 Britanniam
910 2582 1060 2635 atque
1104 2574 1487 2649 Hispaniam
1528 2577 1631 2622 sita
1677 2582 1725 2623 et
1770 2573 2021 2621 Gallico
2078 2589 2270 2636 quoque

151 2641 289 2687 mari
327 2646 610 2701 opportuna
643 2638 1164 2687 valentissimam
1206 2638 1469 2700 imperii
1507 2642 1756 2699 partem
1792 2641 1987 2699 maynie
2018 2641 2082 2687 in·
2114 2642 2273 2687 vicem

151 2706 335 2753 usibus
357 2706 633 2751 miscuerit
701 2703 764 2753 cf.
790 2702 860 2751 ib.
887 2704 948 2751 12
972 2704 1026 2750 oi
1063 2703 1155 2752 the
1179 2703 1406 2752 Britons.
1458 2703 1514 2751 h.
1544 2716 1588 2751 11
1618 2703 1665 2752 6.
1703 2717 1769 2751 111
1802 2703 1863 2751 53
1898 2706 2003 2751 suis
2037 2706 2270 2752 exhorta·

154 2770 385 2818 tionibus
405 2766 1164 2829 GalliasHispaniasque,
1189 2768 1657 2817 validissimam
1672 2770 1985 2819 terrarum
2001 2771 2269 2829 partem,

155 2836 226 2881 ad
255 2834 625 2893 Vespasianum
645 2848 919 2881 conversas.
986 2832 1098 2885 Liv.
1125 2847 1236 2881 xx11
1256 2834 1320 2882 46
1343 2838 1369 2893 ξ
1393 2834 1440 2881 5.

151 2909 407 2947 memma
441 2896 595 2945 Mart.
618 2912 652 2945 x
675 2896 736 2945 65
759 2896 894 2947 cited
923 2898 1016 2946 113
1038 2913 1090 2947 n.
1153 2898 1258 2947 Cic.
1278 2898 1344 2947 ad
1368 2898 1463 2959 Qu.
1487 2899 1549 2949 fr.
1578 2913 1601 2947 1
1625 2895 1653 2947 l
1676 2903 1703 2961 ἃ
1726 2900 1789 2951 27
1836 2901 1969 2962 quod
1994 2900 2046 2947 si
2083 2906 2129 2947 te
2163 2913 2269 2947 sors

151 2962 331 3012 Afris
377 2963 489 3011 aut
532 2961 837 3024 Hispanis
889 2966 994 3011 aut
1051 2962 1256 3011 Gallis
1295 2963 1733 3023 praefecisset,
1778 2963 2161 3015 immanibus
2201 2978 2271 3013 ac

152 3027 454 3077 barbaris
494 3026 881 3079 nationibus.

93 3094 102 3106 '
153 3106 412 3141 cuncus
445 3092 635 3143 DCass,
665 3107 796 3141 mn
818 3094 880 3140 22
912 3098 964 3155 §5
994 3093 1122 3141 2-4
1151 3093 1366 3153 Vindex,
1396 3092 1605 3143 himself
1628 3110 1659 3143 a
1687 3094 1840 3153 Gaul,
1864 3094 2149 3143 assembled
2176 3092 2268 3143 the

153 3158 326 3207 Gauls
359 3171 406 3205 A.
423 3172 474 3206 D.
509 3157 572 3205 68
605 3156 719 3206 who
753 3156 858 3206 had
891 3158 1109 3207 suffered
1130 3158 1235 3207 and
1263 3172 1393 3206 were
1420 3160 1529 3206 still
1559 3160 1803 3220 suffering
1829 3159 2113 3219 grievously
2134 3158 2269 3206 from

75 3233 80 3239 ’
152 3221 434 3271 continual
455 3222 796 3284 impositione,
817 3222 920 3271 and
943 3222 1106 3271 called
1127 3222 1272 3271 them
1295 3226 1348 3270 to
1371 3223 1474 3270 rise
1502 3223 1705 3283 against
1726 3224 1875 3280 Nero,
1900 3224 1974 3271 ὅτι
1996 3222 2160 3271 πᾶσαν
2179 3224 2269 3283 τήν

67 3289 74 3300 “
149 3289 246 3337 rav
260 3289 521 3345 Ῥωμαίων
541 3290 818 3347 οἰκουμένην
839 3288 1118 3347 σεσύληκεν.
1183 3287 1245 3337 cf.
1275 3286 1398 3335 Tao-
1422 3302 1507 3338 an.
1532 3301 1597 3336 111
1620 3288 1683 3335 40
1704 3288 1887 3335 Florus
1909 3287 2011 3335 and
2034 3286 2268 3336 Sacrovir

182 3369 268 3401 ..D
310 3352 376 3399 21
414 3353 723 3400 disserebant
755 3354 814 3400 de
849 3355 1224 3402 continuatione
1272 3354 1583 3410 tributorum,
1617 3354 1867 3412 pravitate
1891 3353 2103 3413 fenoris,
2140 3367 2263 3401 sae-

149 3418 322 3466 vitia
347 3430 416 3465 ac
440 3416 739 3477 superbia
759 3415 1361 3479 praesidentium...
1394 3418 1681 3476 .e9re9ium
1700 3418 2017 3463 resumendae
2042 3418 2264 3466 libertati

152 3492 374 3545 tempus,
405 3482 454 3529 ei
480 3483 580 3542 ipsi
603 3483 859 3543 florentes,
899 3498 1048 3557 quam
1089 3484 1230 3543 inops
1276 3452 1459 3538 Italia,
1494 3492 1675 3555 quam
1719 3478 1985 3527 inbellis
2025 3481 2265 3531 urbana

149 3547 402 3609 plebes,
446 3545 617 3593 nihil
671 3546 956 3597 validum
1002 3547 1066 3595 in
1119 3545 1511 3595 exercitibus
1543 3544 1671 3593 nisi
1718 3543 1877 3605 quod
1920 3548 2262 3605 externum,

147 3616 461 3674 copitar-ent.
527 3611 594 3662 11).
646 3611 712 3659 44
753 3625 788 3659 a
829 3615 1000 3673 report
1043 3614 1097 3660 at
1141 3612 1304 3659 Rome
1348 3610 1465 3659 that
1510 3610 1663 3671 sixty·
1666 3609 1744 3658 six
1788 3608 1953 3657 Gallie
1987 3611 2129 3661 elans
2164 3611 2265 3659 had

146 3676 408 3733 revolted,
439 3678 725 3737 adsumptos
757 3678 815 3724 in
841 3678 1125 3725 societatem
1159 3676 1522 3731 Germanos,
1558 3676 1736 3722 dubias
1770 3674 2133 3735 Hispanias.
2189 3675 2256 3725 ib.

147 3744 214 3791 46
237 3742 340 3789 the
364 3709 567 3788 Roman
591 3740 798 3799 general
834 3739 992 3789 Silius
1013 3740 1165 3787 made
1186 3754 1306 3799 very
1329 3739 1463 3787 little
1492 3739 1545 3785 of
1578 3738 1745 3786 Gallie
1775 3738 1953 3788 valour
1977 3742 2263 3802 pudendum

148 3809 281 3868 ipsis
334 3805 468 3865 quod
513 3804 994 3853 Germaniarum
1044 3806 1254 3852 victores
1309 3805 1569 3851 adversum
1622 3802 1844 3851 Gallos
1902 3810 2152 3866 tamquam
2206 3808 2264 3853 in

139 3874 352 3922 -hostem
385 3869 695 3919 ducerentur.
769 3870 784 3895 ⁴
802 3882 904 3917 una
939 3882 1097 3929 nuper
1131 3869 1298 3918 cohors
1329 3868 1554 3917 rebellem
1588 3869 1856 3927 Turonum,
1882 3884 1985 3918 una
2023 3872 2111 3917 ala
2149 3870 2263 3919 Tre-
