2725 4317
446 253 584 335 164
972 252 1345 308 Anunrnnr
1386 247 1760 302 fumeum).
1825 246 2076 298 nonos.
2162 245 2232 309 [x
2254 242 2560 302 313—316

444 401 638 459 silent)
670 397 730 447 σι)
759 399 811 447 δέ
837 415 917 457 μοι
940 433 953 446 .
982 434 995 447 .
1027 435 1039 446 .
1069 396 1158 455 τήν
1183 397 1459 457 μοιχείαν
1483 396 1629 444 αὐτοῦ
1652 395 1787 452 διέξει
1810 395 1885 441 καὶ
1909 392 1973 440 ra*
1994 392 2190 450 δεσμά.
2262 391 2411 440 Clem.
2440 389 2542 438 Al.

443 465 690 528 protrept.
733 463 763 509 2
799 466 825 524 g
861 463 939 511 33.
1011 460 1169 511 Firm.
1200 461 1421 509 Mater-n.
1452 461 1496 509 9.
1529 461 1604 512 13.
1640 457 1830 504 Minue.
1862 456 1971 504 Fel.
1997 454 2110 502 Oct.
2135 455 2199 500 23
2221 456 2248 511 ς
2272 455 2315 502 7.
2341 451 2552 499 Arnob.

444 543 477 577 v
509 529 590 578 41.
659 526 802 576 Lact.
845 525 967 587 epit.
1006 527 1054 573 8.
1101 525 1225 573 inst.
1267 539 1288 572 1
1327 527 1406 572 10.
1478 524 1607 584 Aug.
1645 523 1708 570 de
1747 523 1860 571 util.
1890 522 2047 571 ieiun.
2087 525 2114 582 g
2149 522 2181 571 9
2227 520 2554 570 Vulcanus

447 600 496 642 et
528 593 690 640 Mars
721 590 967 640 inimici
997 597 1131 648 sunt,
1154 598 1202 639 et
1225 593 1411 638 iustam
1432 604 1636 637 causam
1659 590 1806 636 habet
1834 589 2085 636 Vulcanus
2110 622 2124 636 .
2151 621 2165 634 .
2191 623 2205 635 .
2234 620 2249 636 .
2272 588 2377 634 odit
2402 586 2556 633 enim

446 659 596 721 miser
620 657 790 705 uxoris
822 657 1159 713 adulterium;
1194 670 1284 706 nec
1323 662 1487 702 tamen
1520 655 1672 702 audet
1702 655 1912 702 cultores
1942 667 2055 700 suos
2086 666 2120 699 a
2142 654 2328 699 Martis
2361 651 2553 711 templo

442 722 704 785 prohibere
722 759 734 771 .
763 755 777 774 .
808 758 822 772 .
847 759 860 771 .
882 723 1024 769 Eunt
1046 722 1105 768 de
1130 722 1305 781 templo
1332 720 1514 769 Martis
1538 719 1607 766 ad
1631 720 1860 780 templum
1888 718 2101 765 Vulcani
2122 734 2139 766 .·
2173 732 2353 777 mayna
2372 717 2484 763 indi
2485 730 2555 774 9-

448 790 616 836 nitas!
649 802 737 834 nec
762 793 926 834 tamen
946 801 1007 833 ne
1029 788 1128 834 sibi
1150 788 1407 833 irascatur
1426 787 1655 842 maritus,
1678 784 1808 843 quod
1833 784 1902 830 ad
1932 797 2041 830 eum
2061 784 2263 830 venitur
2285 782 2341 828 de
2366 783 2556 841 templo

451 850 667 900 Martis
704 850 992 900 adulteri.
1041 851 1221 898 habent
1242 865 1342 907 cor,
1365 852 1532 897 sciunt
1556 850 1775 910 lapidem
1795 850 1978 895 sentire
2000 861 2101 894 non
2114 861 2276 907 posse.
2345 845 2411 894 id.
2439 845 2554 893 civ.

450 918 513 967 D.
541 931 607 964 111
630 918 677 967 3.
745 916 894 976 Greg.
920 916 1046 963 Naz.
1076 929 1148 962 or.
1172 915 1205 962 4
1229 914 1339 962 116.
1377 916 1406 962 5
1430 915 1509 963 32.
1570 912 1818 962 Athenas.
1848 927 1920 962 or.
1959 924 2004 959 c.
2040 912 2221 960 Graec.
2258 912 2319 959 12
2352 924 2373 957 1
2406 925 2455 971 p.
2480 910 2557 955 13

452 982 579 1032 Beu.
608 980 763 1029 Prud.
786 980 959 1043 periet.
988 980 1050 1028 10
1076 980 1265 1028 183—-5
1301 978 1355 1027 of
1388 978 1478 1027 the
1507 992 1678 1039 pagan
1698 976 1898 1024 heaven
1929 979 2119 1024 incesta
2143 978 2369 1039 servent,·
2393 978 2559 1037 furta

453 1048 756 1095 moechorum
790 1048 981 1103 calent,·
1012 1044 1020 1111 Ι
1038 1047 1190 1108 fallit
1224 1047 1455 1102 maritus,
1494 1045 1599 1091 odit
1630 1057 1755 1090 uxor
1785 1043 2045 1104 paelicem,
2077 1042 2085 1108 Ι
2113 1040 2258 1088 deos
2296 1043 2561 1088 catenae

455 1111 770 1171 conligant
809 1110 1146 1158 adulteros.
1216 1109 1279 1159 cf.
1308 1110 1516 1157 212-3,
2130 1120 2197 1154 m·
2231 1120 2288 1153 m
2321 1116 2564 1159 nonnos

456 1189 714 1230 nmmum
748 1189 956 1223 mcum:
988 1174 1189 1224 Vulcat.
1214 1173 1362 1221 Avid.
1387 1174 1528 1221 Cass.
1554 1174 1584 1220 2
1617 1174 1722 1233 ipse
1755 1178 1925 1234 sponte
1949 1209 1963 1223 .
1992 1206 2008 1223 .
2038 1209 2051 1222 .
2070 1172 2265 1234 fatales
2298 1170 2560 1230 laqueos

455 1240 766 1290 inciderit.

459 1305 671 1363 314—ss
725 1318 903 1353 aneu*
955 1317 1078 1351 mm
1123 1317 1289 1350 nomn
1339 1316 1469 1351 lmus
1521 1315 1664 1357 Qum
1707 1316 1810 1349 mex
1859 1315 1994 1349 unm
2037 1316 2227 1349 nonour
2282 1312 2564 1349 concussu·

460 1373 600 1419 dolor
628 1370 675 1418 is
706 1368 965 1418 technical
996 1369 1053 1416 in
1076 1367 1182 1415 this
1215 1382 1307 1415 use
1328 1368 1452 1416 Aen.
1486 1381 1542 1414 11
1575 1369 1685 1417 137.
1724 1367 1818 1415 Ov.
1852 1382 1920 1416 m.
1957 1382 1978 1415 1
2015 1366 2205 1418 736—7
2239 1367 2472 1428 Iuppiter
2494 1368 2559 1411 to

459 1435 594 1482 Iuno
629 1448 896 1496 numquam
935 1434 1028 1481 tibi
1072 1447 1228 1480 causa
1267 1431 1503 1479 doloris
1534 1431 1541 1497 Ι
1571 1434 1692 1480 haec
1726 1435 1839 1480 erit.
1884 1431 2100 1481 Phaedr.
2144 1446 2211 1480 111
2252 1433 2315 1480 10
2351 1434 2426 1481 16.
2468 1432 2558 1478 28.

463 1499 725 1561 [Quintil.]
748 1498 873 1547 decl.
900 1499 995 1549 277
1013 1512 1059 1558 p.
1083 1498 1177 1546 535
1196 1497 1375 1547 Burm.
1402 1500 1490 1545 hoc
1512 1499 1593 1545 ius
1616 1499 1859 1559 scriptum
1880 1505 1953 1545 est
1975 1496 2191 1545 mariti
2215 1497 2439 1555 dolori,
2461 1496 2556 1544 i.e.

461 1580 513 1626 p.
560 1564 656 1613 536
699 1565 934 1612 adultera
978 1564 1186 1610 dimissa
1221 1577 1321 1611 non
1357 1563 1493 1611 redit
1530 1564 1587 1609 in
1625 1577 1825 1609 manum
1861 1565 2056 1611 mariti.
2095 1577 2185 1611 nec
2228 1565 2318 1611 hoc
2360 1569 2562 1610 tantum

463 1633 521 1677 in
543 1630 645 1689 leye
669 1636 759 1688 est,
785 1634 842 1675 ut
865 1629 1121 1675 adulterae
1145 1629 1447 1689 supplicium
1468 1628 1664 1688 differri
1690 1642 1790 1674 non
1804 1631 1994 1688 possit.-
2030 1629 2116 1675 sed
2140 1629 2274 1675 illud
2303 1630 2474 1686 etiam,
2498 1633 2560 1673 ut

463 1709 562 1742 non
602 1699 796 1744 tantum
833 1694 1090 1740 adulterae
1123 1699 1347 1754 pereant.
1386 1706 1504 1740 nam
1532 1692 1643 1751 lex,
1674 1707 1785 1739 cum
1818 1692 2095 1740 occidere
2128 1692 2286 1740 mihi
2318 1692 2558 1741 adulte-

464 1773 599 1807 rum
634 1772 766 1806 cum
800 1757 1083 1805 adultera
1121 1756 1464 1818 permittat,
1499 1758 1758 1819 manifeste
1792 1759 1926 1805 illud
1961 1760 2243 1819 ostendit,
2283 1773 2384 1806 non
2413 1772 2558 1820 posse

465 1839 543 1872 eos
567 1825 778 1871 diversis
804 1824 1100 1884 temporibus
1124 1824 1301 1872 occidi.
1329 1822 1401 1870 ib.
1426 1823 1520 1872 279
1548 1835 1595 1881 p,
1626 1822 1721 1868 542
1753 1822 1806 1869 oi
1834 1837 1865 1870 a
1893 1822 1993 1882 boy
2014 1822 2254 1870 husband
2276 1830 2402 1885 puto
2435 1838 2559 1870 uon-

466 1891 581 1936 dum
615 1888 826 1936 habebat
859 1887 1073 1935 mariti
1106 1886 1391 1937 dolorem.
1429 1888 1498 1934 ad
1530 1886 1789 1934 vulnera
1819 1887 2089 1935 adulteri
2123 1891 2185 1935 et
2211 1887 2466 1935 caedem
2499 1890 2560 1937 et

467 1953 916 2001 tristissimum
961 1951 1281 2000 occidendi
1326 1950 1600 2000 hominis
1644 1951 2082 2010 ministerium,
2126 1968 2304 2013 mayno
2342 1955 2561 2014 quodam

466 2022 656 2082 impetu
687 2025 751 2074 et,
781 2025 840 2066 ut
866 2021 939 2067 sic
967 2019 1194 2077 dixerim,
1211 2018 1390 2079 furore
1423 2033 1544 2079 opus
1573 2023 1658 2066 est.
1693 2016 1759 2066 ib.
1787 2018 1848 2065 18
1881 2022 1907 2078 ἓ
1941 2019 1970 2067 9
2010 2019 2126 2081 (ver.
2168 2020 2264 2065 310
2286 2018 2386 2081 n.).
2411 2017 2555 2065 Paul.

469 2087 600 2133 sent.
626 2097 669 2130 11
692 2082 755 2130 26
780 2086 806 2142 §
832 2084 862 2132 5
889 2082 1200 2139 maritum,
1224 2082 1327 2143 qui
1348 2097 1599 2131 uxorem
1634 2081 2075 2143 deprehensam
2105 2097 2238 2131 cum
2272 2082 2558 2131 adultero

469 2148 714 2206 occidit,
732 2150 856 2209 quia
877 2151 965 2197 hoc
978 2150 1301 2209 impatientia
1315 2148 1471 2195 iusti
1489 2146 1951 2206 dolorisadmisit,
1974 2150 2132 2196 lenius
2142 2150 2322 2212 puniri
2335 2149 2552 2209 placuit.

470 2213 571 2274 dig.
593 2228 714 2261 1111
736 2214 765 2261 5
790 2214 820 2259 3
843 2217 868 2273 ς
896 2216 925 2260 3
954 2213 996 2260 ii
1029 2213 1117 2261 the
1149 2212 1403 2269 husband,
1435 2212 1627 2272 having
1657 2212 1813 2260 taken
1841 2212 1924 2259 his
1951 2212 2066 2260 wife
2087 2213 2144 2260 in
2167 2212 2415 2273 adultery,
2448 2212 2561 2272 slay

468 2278 578 2335 her,
601 2278 815 2325 because
836 2278 902 2325 he
925 2278 971 2324 is
994 2278 1232 2338 forgiven,
1256 2292 1331 2325 we
1357 2281 1499 2326 must
1533 2292 1624 2339 say
1646 2276 1762 2325 that
1791 2276 1880 2325 the
1916 2278 2079 2325 slaves
2110 2280 2203 2325 not
2237 2277 2291 2324 of
2318 2277 2411 2326 the
2435 2277 2558 2324 hus-

470 2342 609 2390 band
630 2343 768 2402 only,
795 2341 890 2389 but
923 2343 977 2390 oi
1005 2342 1095 2390 the
1129 2342 1257 2399 wife,
1286 2345 1427 2391 must
1457 2343 1519 2391 be
1554 2346 1631 2391 set
1665 2344 1786 2401 free,
1824 2345 1870 2390 si
1901 2341 2135 2391 iustum
2170 2342 2443 2390 dolorem
2479 2358 2560 2390 ea·-

470 2409 695 2467 sequenti
719 2408 913 2454 domino
937 2422 1036 2454 non
1057 2409 1360 2457 restiterunt.
1390 2408 1457 2456 ib.
1486 2422 1652 2455 xnvm
1683 2409 1711 2455 5
1736 2409 1765 2454 2
1790 2411 1816 2468 ἕ
1839 2410 1869 2455 8
1900 2407 1990 2458 the
2016 2407 2253 2455 husband
2285 2412 2340 2454 to
2364 2408 2427 2455 be
2449 2421 2558 2468 pre·

471 2471 639 2519 ierred
661 2474 715 2518 to
738 2470 826 2519 the
853 2470 1021 2519 father
1050 2471 1103 2518 of
1134 2471 1224 2519 the
1255 2473 1417 2533 guilty
1439 2473 1554 2519 wife
1585 2487 1642 2520 as
1676 2487 1907 2522 accuser:
1942 2488 2060 2520 nam
2088 2480 2136 2520 et
2159 2472 2561 2533 propensiore

472 2536 567 2584 ira
597 2538 656 2583 et
685 2536 914 2583 maiore
937 2535 1145 2584 dolore
1171 2545 1491 2585 executurum
1523 2553 1632 2585 eum
1660 2541 2026 2586 accusationem
2054 2539 2351 2586 credendum
2369 2544 2457 2586 est.
2488 2536 2558 2585 ib.

474 2602 666 2650 39:38
689 2604 714 2661 §
737 2602 768 2648 8
785 2602 876 2649 bis.
901 2600 1010 2649 cod.
1035 2615 1090 2648 11
1111 2603 1141 2651 9
1159 2604 1184 2661 ἓ
1204 2603 1236 2649 4
1257 2605 1303 2650 si
1329 2605 1453 2662 leyis
1476 2605 1777 2650 auctoritate
1800 2610 2018 2650 cessante
2042 2605 2319 2651 inconsulto
2344 2602 2560 2649 dolore

473 2667 754 2713 adulterum
775 2668 1035 2726 interemit,
1067 2669 1293 2727 quamvis
1329 2669 1652 2715 homicidium
1670 2675 2011 2728 perpetratum
2040 2670 2123 2727 sit,
2154 2674 2332 2725 tamen,
2366 2666 2496 2729 quia'
2513 2674 2562 2714 et

472 2746 572 2778 nox
595 2738 644 2779 et
674 2729 846 2778 dolor
871 2729 1078 2778 iustus
1102 2733 1299 2794 sactum
1329 2735 1436 2779 eius
1469 2734 1671 2790 relevat,
1698 2739 1865 2794 potest
1895 2734 1954 2780 in
1987 2735 2192 2780 exilium
2225 2734 2354 2781 dari.
2392 2732 2459 2781 ib.
2499 2731 2559 2779 15

473 2797 752 2843 vindictam
776 2833 788 2845 .
817 2833 830 2846 .
861 2833 896 2857 .,
920 2811 1069 2857 quam
1099 2796 1379 2844 maritali
1411 2795 1624 2844 dolore
1654 2810 1989 2857 percussus
2018 2799 2246 2858 reposcis.
2274 2796 2344 2845 ib.
2370 2797 2559 2846 30:29

474 2874 656 2908 verus
692 2860 883 2910 dolor.
926 2860 1071 2909 anth.
1105 2861 1197 2910 lat.
1233 2862 1390 2909 253ss
1424 2862 1519 2910 160
1553 2861 1607 2908 of
1639 2861 1838 2910 Vulcan
1868 2864 1957 2910 vix
1989 2864 2172 2924 sufficit
2209 2861 2301 2910 ira
2338 2861 2557 2910 dolori.

477 2925 667 2974 164—6
689 2928 898 2973 multum
919 2925 1092 2973 dolor
1117 2927 1322 2974 addidit
1348 2928 1468 2975 arti.
1502 2926 1511 2992 Ι
1539 2941 1689 2987 quam
1716 2929 1816 2975 cito
1850 2934 2030 2975 cuncta
2058 2935 2236 2988 yerunt
2268 2943 2352 2975 ars
2384 2942 2560 2975 numen

462 2993 674 3054 flamma
695 2993 905 3039 maritus
936 2989 942 3054 Ι
972 2990 1062 3038 ira
1084 2990 1283 3041 dolorl
1916 2993 2127 3050 315—-6
2150 3006 2277 3040 rhus
2300 3006 2440 3047 Qum
2462 3005 2560 3039 max

476 3069 610 3104 unm
631 3070 817 3103 nomm
841 3069 1111 3103 coucussrr
1133 3056 1260 3104 Hor.
1293 3070 1333 3106 s,
1368 3070 1411 3103 11
1440 3060 1469 3107 7
1500 3056 1707 3108 46-71,
1758 3057 1824 3106 111
1854 3057 2050 3105 Athens
2078 3056 2197 3120 (and
2219 3056 2486 3116 according
2506 3059 2560 3103 to

398 3131 415 3166 “.
475 3121 592 3179 Lys.
624 3119 686 3168 de
722 3119 875 3168 caede
903 3120 1166 3171 Eratosth.
1194 3125 1220 3181 ξ
1253 3123 1283 3169 2
1318 3122 1382 3172 cl.
1408 3122 1539 3171 Xen.
1565 3121 1709 3169 Hier.
1745 3125 1774 3170 3
1809 3124 1835 3180 §
1872 3125 1901 3170 3
1932 3122 1989 3169 in
2012 3121 2159 3169 other
2186 3122 2355 3169 Greek
2384 3121 2555 3184 states)

411 3199 425 3244 ι,
476 3185 566 3233 the
604 3200 730 3233 man
767 3184 881 3232 who
921 3184 1154 3234 detected
1192 3186 1411 3234 another
1444 3187 1503 3234 in
1533 3187 1781 3234 unlawful
1820 3200 2101 3236 commerce
2137 3186 2263 3234 with
2308 3186 2395 3235 his
2430 3186 2555 3243 wife,

476 3249 696 3308 mother,
722 3249 889 3308 sister,
915 3248 1179 3309 daughter,
1206 3251 1506 3312 concubine,
1534 3250 1704 3311 might
1729 3266 1920 3312 avenge
1946 3250 2157 3299 himself
2180 3252 2318 3313 (LyS.
2344 3251 2410 3301 ib.
2440 3252 2556 3312 §525

428 3329 434 3336 ·
477 3317 622 3362 -34,
646 3315 795 3363 Dem.
820 3314 877 3363 in
899 3313 1142 3362 Aristocr.
1165 3318 1219 3375 gg
1240 3315 1402 3364 53—6
1434 3330 1485 3376 p.
1520 3315 1631 3365 637.
1665 3316 1841 3377 Polyb.
1881 3331 1923 3363 11
1953 3317 2016 3364 56
2043 3318 2068 3375 ἓ
2102 3317 2177 3366 15;
2207 3316 2342 3365 Plut.
2374 3316 2471 3365 Sol.
2501 3317 2557 3363 23

428 3391 435 3400 ·
478 3383 502 3439 ξ
527 3381 575 3426 2.
598 3379 746 3428 Pane.
778 3393 833 3426 1x
855 3380 920 3428 36
944 3382 970 3438 ξ
998 3379 1049 3442 8)
1079 3379 1148 3440 by
1181 3380 1381 3441 slaying
1413 3380 1502 3427 the
1536 3380 1776 3428 offender.
1847 3380 2152 3429 Sometimes
2188 3380 2277 3429 the
2313 3380 2559 3429 adulterer

438 3487 447 3498 ,
478 3458 582 3492 was
602 3444 820 3492 iettered
841 3444 980 3492 until
1000 3443 1066 3492 he
1091 3459 1212 3505 gave
1240 3444 1463 3505 security
1486 3445 1564 3492 for
1595 3443 1685 3492 the
1717 3448 1963 3507 payment
1996 3446 2050 3492 of
2082 3459 2111 3492 a
2142 3446 2270 3503 fine3
2306 3445 2373 3494 he
2402 3445 2557 3507 might

438 3505 445 3544 ἱ
478 3508 627 3568 bring
660 3523 729 3556 an
764 3508 937 3558 action
969 3508 1049 3557 for
1082 3509 1260 3570 unjust
1294 3509 1576 3567 detention‚
1613 3508 1779 3559 ἀδίκως
1813 3513 2056 3573 εἱρχθῆναι
2093 3509 2152 3559 ὠς
2182 3513 2368 3571 μοιχόν,
2404 3511 2493 3558 but
2520 3509 2560 3557 if

442 3627 451 3640 ὃ
479 3572 547 3620 he
569 3573 669 3620 lost
691 3572 750 3632 it,
775 3572 860 3620 his
887 3572 1160 3635 adversary
1185 3588 1287 3622 was
1315 3572 1527 3621 allowed
1553 3576 1607 3620 to
1636 3574 1754 3621 take
1782 3589 2070 3635 vengeance
2094 3589 2235 3635 upon
2260 3575 2375 3622 him
2406 3578 2458 3624 at
2480 3575 2559 3623 his

479 3637 730 3697 measure,
741 3638 861 3698 only
873 3639 984 3686 ἄνευ
996 3641 1279 3700 ἐγχειριδίου
1288 3639 1456 3701 (Dem.
1469 3637 1755 3700 inNeaer.§
1771 3639 1833 3687 66
1846 3653 1897 3699 p.
1919 3639 2084 3702 1367).
2133 3639 2270 3689 Such
2286 3654 2562 3702 vengeance

481 3700 781 3749 sometimes
819 3702 942 3749 took
985 3701 1077 3749 the
1120 3705 1253 3750 form
1298 3702 1353 3750 of
1391 3705 1689 3765 παρατιλμός
1725 3702 1830 3750 and
1871 3705 2187 3767 ραφανίδωσις
2223 3704 2562 3768 (correspond-

442 3763 449 3784 ¹
481 3764 572 3823 ing
593 3765 645 3811 to
668 3763 758 3812 the
781 3765 983 3813 Roman
1004 3780 1290 3827 vengeance
1317 3767 1444 3815 with
1468 3766 1557 3814 the
1585 3770 1805 3827 muyilis,
1839 3768 1941 3816 and
1967 3768 2214 3816 intended
2240 3784 2310 3817 no
2339 3769 2491 3817 doubt
2512 3773 2563 3818 to

440 3865 447 3874 .
482 3827 648 3884 brand
677 3827 768 3880 the
800 3830 989 3890 culprit
1012 3844 1075 3879 ,as
1107 3846 1137 3881 a
1163 3831 1339 3892 pathic
1365 3830 1628 3891 Aristoph.
1664 3832 1786 3881 nub.
1821 3834 1946 3880 1083
1981 3834 2043 3883 cf.
2077 3834 2186 3882 Ael.
2221 3849 2270 3883 v.
2296 3834 2353 3882 h.
2383 3850 2458 3884 111
2486 3837 2559 3891 12.
