2725 4317
507 276 550 347 3
561 275 646 346 5
613 276 646 307 ο
717 262 1096 313 NARCISSUS
1117 260 1258 309 AND
1283 258 1647 309 CLAUDIUS.
1690 256 2093 307 FREEDMEN.
2148 214 2297 321 [ksV
2320 258 2608 317 329-331

517 428 592 463 τις
625 409 786 474 φύλαξ
814 412 901 459 τοῦ
937 406 1175 459 δεσπότου
1207 407 1282 468 ἦν.
1319 410 1608 458 ἐπαπώλετο
1649 408 1701 457 δὲ
1736 408 1815 455 καὶ
1845 408 1985 455 αὐτὸς
2016 406 2088 466 τῷ
2116 407 2371 467 Κλαυδίῳ,
2404 410 2595 469 μέγισ-
2676 418 2678 449 4

517 494 618 526 τον
664 478 778 525 τῶν
830 473 966 523 τότε
1020 473 1329 537 ἀνθρώπων
1384 474 1653 533 δυνηθείς.
1740 473 2019 531 μυριάδας
2071 488 2135 519 τε
2184 473 2301 533 γὰρ
2362 475 2596 521 πλείους
2677 478 2678 533 ξ

517 540 1109 663 ξὲἕῖιῖᾜξέἑοςὶῗὲθέ
1117 554 1393 663 2233?
1420 540 1600 659 3153}
1619 536 1797 647 2220:
1808 538 1931 663 “Cb“
1944 537 2460 661 161ξὲῗὲἓᾶῧῇ
2488 536 2595 646 ἔὲἐῗ

519 667 743 727 tracting
762 666 842 714 ior
863 666 1037 727 public
1056 666 1220 713 works
1243 664 1330 739 (11).
1353 666 1418 713 83
1441 668 1469 725 g
1489 665 1559 723 6).
1616 662 1731 713 Seu.
1758 677 1811 712 11.
1840 676 1889 723 q.
1913 675 1966 708 ιν
1987 676 2062 722 pr.
2088 665 2117 722 ς
2148 663 2225 710 15.
2294 662 2382 709 He
2415 666 2471 711 at
2491 662 2593 709 first
2677 658 2678 667 ²

517 731 734 781 actedin
751 725 2176 789 6666611111111Μ668611118ὢιιο1.01611137.1)(1088.ιιι
2198 725 2263 773 14
2284 730 2340 786 ἓξ
2364 728 2401 775 3
2430 727 2465 773 4
2485 726 2594 786 they

466 790 471 799 ⁸
581 808 730 842 ocure
758 794 846 841 the
876 791 1142 842 execution
1172 792 1225 841 01
1258 792 1481 852 Silanus,
1502 790 1769 839 Narcissus
1790 788 2045 864 declaring
2065 788 2211 837 that
2196 804 2256 836 ιιι
2280 804 2315 837 a
2336 790 2519 838 dream
2536 790 2593 837 he

517 808 625 907 Eud
645 872 767 905 seen
797 855 1127 918 σφαττόμενον
1145 859 1228 905 τὸν
1249 854 1487 905 Κλαύδιον
1506 854 1599 903 ὑπὸ
1620 852 1703 903 τοῦ
1724 842 1929 903 Σιλανοῦ
1954 852 2243 917 αὐτοχειρίᾳ)
2269 853 2369 901 but
2391 868 2497 903 mn.
2520 856 2591 910 48,

519 935 591 971 011
612 921 705 970 her
720 922 970 980 marriage
985 920 1109 969 with
1127 919 1282 969 Silius
1307 923 1358 993 (ι
1375 920 1629 967 330-345
1651 916 2012 979 11.),111161π16ᾶ
2027 916 2277 964 Claudius
2292 918 2347 964 of
2370 918 2465 966 the
2480 918 2587 977 11161,

519 984 624 1035 and
658 985 807 1033 when
842 984 1082 1034 Claudius
1117 998 1220 1032 was
1257 982 1363 1031 still
1392 984 1645 1031 reluctant
1672 984 1728 1029 to
1759 981 1869 1042 give
1900 980 1989 1029 the
2022 980 2170 1028 order
2201 981 2285 1028 101·
2314 981 2419 1029 her
2454 982 2593 1030 death
2677 982 2678 991 ¹

519 1048 726 1099 himself
745 1048 867 1097 took
887 1062 1028 1110 upon
1047 1047 1158 1095 him
1179 1050 1235 1096 to
1256 1047 1321 1095 (16
1345 1061 1403 1095 so
1434 1046 1551 1095 Tac.
1573 1060 1628 1093 11
1650 1047 1712 1098 37
1740 1048 1797 1094 ni
1825 1046 2024 1094 caedem
2050 1046 2155 1093 eius
2185 1046 2467 1094 Narcissus
2490 1061 2591 1107 pro-

513 1115 808 1175 peravisset,
853 1120 1069 1161 verterat
1104 1113 1352 1172 pernicies
1390 1112 1447 1158 in
1484 1117 1850 1158 accusatorem.
1958 1112 2285 1171 .prorumpit
2326 1112 2387 1157 N
2386 1125 2590 1159 arcissae

521 1178 875 1237 denuntiatque
909 1175 1270 1224 centurionibus
1304 1181 1352 1223 et
1386 1176 1598 1233 tribuno,
1636 1175 1724 1235 qui
1756 1174 1979 1232 aderant,
2017 1175 2212 1249 exsequi
2246 1175 2488 1229 eaedem,·
2525 1176 2592 1220 ita

519 1242 862 1302 imperatorem
876 1242 1062 1288 iubere.
1097 1241 1160 1287 38
1180 1240 1557 1299 nuntiatumque
1578 1238 1789 1286 Claudio
1811 1237 2033 1312 epulanti
2047 1240 2237 1298 perisse
2252 1238 2590 1294 Messalinam,

519 1318 621 1353 non
640 1305 874 1352 distincto
896 1318 987 1351 cua
1016 1318 1084 1350 an
1113 1305 1280 1351 aliena
1312 1316 1480 1359 manu,
1502 1316 1589 1349 nec
1618 1304 1707 1349 ille
1730 1302 1989 1363 quaesivit.
2024 1314 2101 1348 111
2122 1300 2204 1349 65.
2254 1301 2383 1349 Seu.
2409 1302 2590 1378 apocol.

523 1368 583 1414 11
606 1370 632 1427 g
657 1369 685 1414 1
706 1367 970 1427 Augustus
993 1380 1108 1426 says
1138 1369 1192 1413 to
1223 1366 1299 1414 cl.
1333 1373 1391 1413 tu
1420 1366 1757 1450 Messalinam,
1798 1366 1937 1413 cuim
1960 1379 2111 1425 aeque
2131 1368 2421 1414 avunculus
2444 1370 2592 1414 ntaior

519 1444 656 1478 eram
676 1444 824 1491 quam
847 1438 974 1488 tuuc,
1009 1431 1252 1477 occidisti.
1321 1428 1536 1479 ‘nescio’
1567 1431 1756 1489 inquis.
1820 1430 1878 1477 di
1912 1430 2005 1477 tibi
2037 1430 2165 1477 male
2188 1430 2442 1491 faciant·
2426 1466 2438 1477 .
2478 1430 2591 1477 adeo

519 1494 866 1555 istuc-turpius
893 1500 984 1551 est,
1014 1495 1142 1555 quod
1171 1495 1389 1548 nescisti,
1412 1508 1561 1555 quam
1588 1494 1719 1555 quod
1746 1493 1993 1541 occidisti.
2058 1492 2153 1553 55.
2228 1493 2291 1539 13
2326 1494 2591 1541 Narcissus

517 1555 720 1607 hurries
749 1556 964 1605 forward
990 1560 1044 1604 to
1072 1557 1309 1605 welcome
1343 1557 1417 1605 01.
1442 1559 1497 1605 to
1518 1556 1607 1605 the
1630 1556 1829 1607 shades.
1901 1555 2041 1605 Suet.
2064 1555 2136 1607 01.
2165 1556 2229 1605 39
2264 1558 2407 1604 inter
2438 1565 2591 1605 cetera

518 1622 580 1669 in
599 1636 653 1669 eo
673 1622 847 1669 mirati
867 1628 982 1669 sunt
1003 1622 1217 1669 homines
1241 1628 1288 1669 et
1311 1623 1603 1669 oblivionem
1631 1627 1679 1667 et
1700 1620 2172 1669 inconsiderantiam
2198 1622 2301 1677 vel,
2322 1628 2387 1668 ut
2412 1624 2589 1669 Graece

519 1684 701 1745 dicam,
727 1688 983 1746 μετεωρίαν
1005 1692 1054 1733 et
1077 1687 1327 1747 ὰβλεψίαν.
1401 1687 1561 1733 occisa
1592 1685 1884 1740 Messalina,
1912 1686 2067 1744 paulo
2092 1691 2206 1745 post
2238 1700 2393 1745 quam
2420 1688 2479 1733 in
2512 1688 2589 1732 tri-

519 1750 674 1797 clinio
719 1750 965 1805 decubuit,
1005 1754 1016 1775 ‘
1033 1764 1123 1796 cur
1156 1750 1356 1797 domina
1386 1764 1485 1797 non
1528 1750 1735 1797 veniret’
1774 1750 2020 1810 requisiit.
2088 1748 2204 1799 Sen.
2244 1763 2299 1796 n.
2343 1763 2396 1809 q.
2434 1764 2488 1796 ιν
2517 1763 2586 1809 pr.

523 1816 551 1874 5
576 1814 654 1861 15.
717 1811 972 1862 Schiller's
994 1813 1128 1860 Nero
1149 1814 1325 1863 83—7.

521 1877 629 1935 331
662 1890 846 1925 naun·
878 1890 1114 1924 mrnans
1149 1876 1262 1925 Tac.
1296 1890 1374 1924 111
1404 1876 1433 1923 1
1462 1890 1539 1937 pr.
1572 1878 1721 1925 caede
1754 1877 2052 1925 Messalinae
2084 1878 2325 1924 convulsa
2351 1878 2591 1938 principis

519 1943 700 2000 domus,
749 1942 883 1989 orto
926 1940 1088 2001 apud
1127 1940 1393 1988 libertos
1438 1940 1777 1989 certamine
1816 1940 1950 2000 quis
1992 1939 2305 1999 deligeret
2345 1950 2591 1989 uxorem

523 2006 751 2055 Claudio.
799 2004 865 2053 61.
879 2005 927 2052 2.
951 2006 981 2053 3
1002 2004 1090 2053 fin.
1117 2006 1253 2052 nihil
1272 2006 1479 2052 arduum
1497 2006 1761 2053 videbatur
1778 2005 1835 2052 in
1852 2006 2017 2053 animo
2032 2005 2299 2065 principis,
2346 2006 2450 2053 cui
2480 2020 2591 2053 non

517 2068 838 2127 iudicium,
871 2082 996 2115 non
1025 2068 1229 2116 odium
1261 2070 1397 2116 erat
1428 2069 1556 2117 nisi
1586 2068 1787 2116 indita
1820 2070 1877 2115 et
1908 2067 2095 2117 iussa.
2166 2069 2232 2115 54
2255 2069 2317 2117 55
2356 2083 2525 2129 power
2546 2070 2592 2115 61

519 2132 689 2180 Pallas
726 2133 831 2180 and
865 2132 1028 2181 Felix.
1089 2133 1152 2181 60
1183 2132 1272 2180 fin.
1301 2147 1412 2181 cum
1443 2130 1732 2181 Claudius
1764 2132 2036 2188 libertos,
2072 2146 2189 2193 quoe
2223 2134 2303 2180 rei
2330 2134 2590 2193 familiari

512 2197 834 2258 praefecerat,
864 2196 1105 2257 sibique
1128 2199 1188 2244 et
1207 2196 1450 2255 legibus
1481 2195 1937 2257 adaequaverit.
2006 2209 2106 2243 ιιιι
2126 2197 2159 2243 4
2181 2196 2319 2243 Nero
2342 2198 2595 2257 promises
2677 2248 2678 2259 γ

519 2275 552 2307 a
571 2260 766 2320 change
789 2259 842 2307 01
863 2262 1052 2321 system
1073 2274 1134 2307 ea
1153 2262 1360 2309 maxime
1384 2261 1657 2317 declinans,
1681 2274 1883 2320 quorum
1909 2274 2071 2307 recem
2090 2261 2354 2321 flayrabat
2376 2263 2588 2317 invidia,
2677 2264 2678 2267 ’

518 2338 615 2371 non
637 2327 767 2371 enim
785 2339 835 2372 se
857 2326 1158 2384 negotiorum
1178 2326 1393 2372 omnium
1412 2325 1625 2373 iudicem
1635 2324 1763 2386 sore,
1783 2331 1841 2371 ut
1862 2326 2045 2371 clausis
2066 2338 2217 2371 unam
2240 2327 2387 2372 intra
2408 2328 2590 2373 domum

519 2390 882 2435 acmoeatoribue
918 2394 967 2435 et
1003 2390 1103 2435 reis
1133 2402 1407 2449 paucorum
1432 2390 1660 2450 potentia
1694 2395 2040 2448 grassantum
2076 2389 2212 2436 nihil
2240 2390 2301 2435 in
2321 2392 2589 2450 penatibus

517 2452 620 2497 euic
657 2454 830 2499 venale
865 2458 955 2499 aut
993 2453 1254 2500 ambitioni
1284 2455 1545 2525 pervium.-
1586 2454 1848 2500 discretam
1880 2452 2071 2499 domum
2103 2458 2153 2499 et
2183 2466 2289 2499 rem
2318 2454 2584 2513 publicam.

519 2512 586 2561 id.
607 2513 660 2563 11.
684 2527 717 2561 v
739 2516 768 2564 9
805 2514 1045 2563 Claudius
1073 2515 1279 2563 16111116
1307 2515 1543 2575 province
1575 2515 1630 2564 01
1660 2515 1851 2563 Iudaea
1879 2518 1933 2563 to
1966 2516 2166 2563 Roman
2198 2514 2420 2575 knights
2452 2531 2510 2564 or
2539 2520 2588 2563 to

507 2579 792 2649 freedmen:
826 2594 851 2627 e
874 2580 1049 2639 quibus
1070 2582 1314 2627 Antonius
1335 2582 1485 2627 Felix
1506 2595 1601 2641 per
1620 2594 1805 2628 omnem
1831 2581 2095 2627 caevitiam
2115 2594 2175 2627 ac
2196 2582 2469 2629 libidinem
2498 2581 2587 2627 ius

518 2641 753 2700 regium
787 2642 1004 2690 servili
1047 2642 1301 2703 ingenio
1345 2643 1643 2704 exercuit,
1686 2645 1931 2703 Drusilla,
1966 2644 2257 2704 Cleopatrae
2299 2651 2351 2691 et
2388 2647 2586 2693 Antonii

519 2712 678 2766 nepte,
691 2709 748 2753 in
762 2706 1120 2755 matrimonium
1135 2715 1352 2768 accepta,
1368 2714 1425 2755 ut
1448 2709 1663 2755 eiusdem
1681 2709 1887 2755 Antonii
1902 2709 2049 2755 Felix
2060 2722 2321 2768 proyener,
2350 2710 2587 2757 Claud-ins

517 2784 665 2831 nepos
702 2777 839 2818 esset.
903 2770 974 2818 id.
1009 2785 1093 2818 an.
1127 2784 1204 2819 ιιι
1233 2772 1296 2819 60
1333 2772 1417 2835 (61.
1444 2772 1581 2820 Suet.
1610 2771 1787 2819 01.12.
1816 2771 1917 2831 dig.
1949 2786 1969 2818 1
1994 2771 2053 2818 16
2078 2773 2107 2820 9
2129 2786 2204 2831 pr.
2254 2786 2297 2818 11
2322 2774 2387 2821 15
2414 2774 2585 2833 8519)

515 2846 564 2883 Δ.
567 2848 618 2882 1).
651 2835 711 2881 53
745 2834 837 2882 the
868 2833 1188 2895 iurisdiction
1221 2835 1277 2883 in
1309 2839 1522 2883 matters
1554 2834 1843 2895 pertaining
1875 2837 1929 2882 to
1961 2835 2050 2882 the
2074 2838 2249 2897 fiscus,
2284 2836 2459 2884 which
2494 2838 2588 2883 had

516 2898 646 2945 been
667 2898 862 2959 subject
882 2900 938 2945 to
958 2898 1048 2946 the
1069 2899 1307 2959 ordinary
1333 2901 1520 2959 courts‚
1555 2898 1703 2947 made
1726 2913 1844 2946 over
1872 2902 1927 2947 to
1960 2898 2049 2946 the
2082 2899 2323 2959 imperial
2357 2915 2587 2960 procura·
2676 2896 2678 2899 ⁴

516 2963 654 3023 tors;
687 2976 718 3009 a
749 2976 982 3010 measure
1013 2962 1180 3010 which
1211 2963 1407 3023 greatly
1437 2962 1698 3011 increased
1730 2962 1821 3011 the
1857 2976 2022 3023 power
2054 2963 2158 3011 and
2189 2964 2385 3011 wealth
2420 2966 2474 3011 01
2508 2966 2588 3012 1116

515 3025 794 3083 freedmen,
825 3040 882 3074 as
903 3025 1026 3088 they
1047 3026 1194 3074 could
1216 3040 1508 3087 pronounce
1539 3030 1777 3075 sentence
1804 3026 1862 3073 in
1885 3040 2025 3074 cases
2046 3027 2105 3073 in
2126 3025 2297 3075 which
2317 3028 2451 3089 they
2469 3043 2587 3075 were

517 3060 798 3137 concerneti
826 3104 884 3138 as
909 3104 1156 3137 accusers.
1225 3090 1429 3137 Zon.11
1452 3091 1481 3139 9
1506 3090 1597 3139 fin.
1630 3090 1897 3138 Narcissus
1930 3104 1988 3137 as
2020 3093 2279 3151 secretary
2310 3094 2589 3154 ἐγχειρίδιον
2677 3130 2678 3159 ᾖ

516 3170 587 3201 πα
586 3154 858 3217 ρεζώννυτο.
905 3154 1041 3202 Suet.
1071 3152 1249 3202 Claud.
1273 3155 1334 3203 29
1359 3155 1437 3201 hie
1466 3155 1717 3215 [Pallanti
1739 3161 1787 3202 et
1808 3156 2081 3215 NarcissoL
2104 3161 2163 3203 ut
2184 3156 2311 3211 dixi,
2338 3159 2587 3205 umoribus-
2677 3162 2678 3217 ᾗ

515 3232 604 3279 que
637 3217 938 3274 addictus,
971 3232 1070 3265 non
1092 3219 1373 3279 principem
1401 3232 1468 3277 ee,
1504 3218 1591 3265 ced
1621 3218 1983 3265 ministrum
2014 3220 2131 3278 e9it.
2196 3218 2266 3267 ib.
2293 3190 2361 3267 25
2388 3220 2481 3268 1111.
2511 3220 2589 3268 sed

515 3288 564 3329 et
587 3282 706 3329 haec
729 3288 776 3328 et
798 3288 960 3329 cetera
989 3288 1233 3342 totumque
1261 3284 1385 3329 adeo
1416 3296 1474 3329 ex
1494 3288 1642 3343 parte
1672 3296 1852 3342 mayna
1873 3283 2215 3343 principatum
2243 3298 2350 3331 non
2379 3290 2485 3333 tam
2510 3300 2586 3332 suo

515 3359 662 3405 quam
697 3358 908 3392 uxorum
952 3343 1448 3405 libertorumque
1500 3345 1761 3393 arbitrio
1806 3347 2197 3405 administravit,
2245 3348 2371 3395 talis
2416 3350 2585 3408 ubique

505 3410 808 3469 plerumque,
848 3410 1042 3469 qualem
1073 3423 1170 3456 eece
1201 3423 1310 3456 eum
1341 3416 1432 3457 aut
1464 3410 1713 3471 expediret
1744 3410 1852 3457 illis
1886 3416 1977 3457 aut
2006 3412 2195 3458 liberet.
2265 3409 2336 3459 id.
2364 3412 2537 3460 Vitell.
2561 3413 2585 3456 2

511 3472 603 3519 fin.
665 3472 726 3519 L.
750 3471 1004 3531 Vitellius,
1037 3471 1207 3521 father
1226 3472 1280 3520 61
1310 3472 1401 3521 the
1423 3486 1671 3533 emperor,
1698 3471 2023 3521 Claudium
2042 3475 2284 3521 uxor-ibus
2319 3474 2583 3523 libertis-

512 3549 625 3595 que
657 3534 973 3584 addictum
1005 3550 1066 3584 ne
1088 3551 1189 3597 qua
1208 3551 1309 3585 non
1328 3544 1437 3585 arte
1460 3539 1800 3594 demereretur,
1822 3551 1917 3598 pro
1945 3538 2159 3584 maximo
2180 3552 2387 3587 munere
2410 3556 2444 3587 a
2467 3541 2583 3587 Mes-

511 3599 681 3647 salina
701 3601 850 3661 petit,
877 3606 934 3647 ut
953 3601 1051 3649 eibi
1075 3602 1225 3662 pedes
1248 3602 1507 3662 praeberet
1538 3602 1911 3652 excalciandoe:
1944 3601 2317 3661 detractumque
2349 3606 2585 3651 socculum

513 3663 736 3710 dextrum
755 3665 888 3711 inter
910 3671 1072 3723 toyam
1101 3665 1385 3723 amicaeque
1411 3666 1625 3723 ,qestavit
1654 3665 1872 3720 assidue,
1901 3678 2269 3725 nonnumquam
2296 3668 2583 3715 osculabun-
2677 3666 2678 3687 ᾗ

513 3725 617 3771 dus.
683 3726 960 3774 Narcissi
993 3741 1182 3788 quoque
1216 3734 1264 3775 et
1295 3728 1551 3776 Pallantis
1582 3729 1822 3787 imagines
1858 3742 2033 3775 aureas
2063 3730 2197 3775 inter
2224 3730 2393 3778 Lares
2422 3734 2581 3779 coluit.

515 3785 725 3846 Quintil.
751 3803 806 3837 vr
828 3790 858 3837 3
887 3789 999 3850 §81
1032 3794 1286 3841 contraria
1319 3798 1393 3839 eet
1430 3794 1634 3853 neyanti
1670 3792 1987 3853 confessionis
2021 3793 2301 3853 simulatio,
2354 3797 2442 3843 sed
2484 3797 2581 3855 ipsa
