2725 4317
496 313 521 362 1
543 309 633 379 70
958 339 965 350 .
1014 301 1268 352 :rrams
1316 279 1658 352 cemma
1723 300 2014 352 AUSPEX.
2097 341 2102 348 .
2211 301 2631 364 [1334—337

488 459 611 521 Cap.
648 463 675 521 5
706 457 818 507 114.
865 459 1129 510 Rossbach
1170 459 1253 510 die
1286 464 1416 511 rom.
1455 459 1574 508 Ehe
1607 459 1822 520 (Stuttg.
1858 461 2004 520 1853)
2041 458 2153 510 276.
2224 457 2550 518 Marquardt
2595 473 2630 508 v

488 527 561 586 (1)
585 525 649 574 46
669 523 759 572 the
781 525 883 572 veil
908 525 1117 574 reaches
1139 525 1299 574 below
1320 525 1412 574 the
1431 525 1606 574 knees.
1643 575 1649 579 ,
1673 524 1822 572 Rich.
1845 525 1914 573 cf.
1939 523 2333 583 ἀνακαλυπήρια
2357 523 2627 572 Meineke

486 605 556 638 on
606 589 847 638 Menand.
894 590 957 640 fr.
1002 605 1052 640 n.
1100 592 1213 641 359.
1284 590 1502 639 Pierson
1543 603 1614 638 on
1656 588 1848 638 Moeris
1891 591 2004 637 288.
2071 587 2311 637 Philostr.
2355 587 2515 648 soph.
2579 603 2626 637 11

487 656 549 705 25
572 658 599 715 5
623 655 671 704 4.
1443 668 1634 703 naxus
1657 668 1678 702 1
1701 656 1764 706 27
1787 669 1841 703 ιι.
1909 652 2097 704 eatan.
2123 651 2188 700 64
2207 652 2622 704 47-9.Ρ1ἰ.ιι.

486 734 543 768 ιι
564 724 589 780 5
615 720 710 772 137
736 722 1055 770 tricliniaria
1076 721 1132 769 ol
1146 735 1378 784 purpura
1404 720 1464 769 Τ
1446 735 1567 783 Jria
1587 721 1832 782 dibapha.

486 799 733 833 cuminas
766 799 822 834 vr
866 787 947 834 22.
984 787 1095 835 226.
1132 787 1244 835 268.
1292 785 1418 834 Hor.
1455 799 1536 846 ep.
1575 798 1596 832 1
1631 785 1659 832 1
1701 786 1765 835 87
1808 785 2012 833 lectus
2054 781 2334 845 genialis
2365 785 2428 832 ia
2467 786 2620 832 aula

484 857 575 899 est.
648 851 767 900 Sen.
798 865 907 901 exc.
948 853 1112 901 contr.
1148 863 1203 898 vr
1236 851 1268 900 6
1300 865 1351 912 Ρ.
1390 852 1487 900 288
1517 851 1580 901 27
1615 849 1662 897 Κ
1689 865 1862 898 versae
1882 857 2002 898 sunt
2021 851 2081 897 in
2101 851 2356 910 mequias
2379 851 2618 910 nuptiae

380 938 391 949 ·
486 921 801 978 vnutatusque
828 915 1105 976 genialis
1136 915 1340 964 lectus
1364 916 1712 977 insunebrem.
1784 913 1890 962 Cic.
1915 929 1967 975 Ρ.
1997 913 2618 972 Cluent.§14lectum

484 982 632 1029 illum
656 981 977 1040 genialem,
1006 995 1149 1042 quem
1173 1015 1186 1029 .
1212 1015 1226 1029 .
1253 981 1427 1042 ‚filiae
1449 994 1570 1027 suae
1593 981 1801 1028 nubenti
1825 981 2148 1035 straverat,
2173 1012 2189 1026 .
2215 1013 2230 1026 .
2253 1012 2268 1025 .
2292 979 2392 1026 sibi
2415 983 2616 1028 ornari

486 1052 539 1093 et
573 1045 821 1094 sterni.
888 1047 1097 1102 .,·iubet
1133 1047 1281 1094 nubit
1313 1061 1492 1105 genero
1525 1059 1694 1092 socrus
1727 1044 1922 1092 nullis
1955 1042 2334 1104 auspicibus.
2401 1042 2607 1094 Ascon.

482 1109 541 1158 in
573 1109 680 1160 Cic.
708 1125 760 1172 p.
786 1110 897 1158 Mil.
923 1111 1052 1171 §13-
1127 1109 1266 1160 Serv,
1295 1110 1423 1158 Aen.
1449 1123 1502 1158 vt
1541 1110 1649 1159 603.
1717 1108 1962 1169 Forbiger
2000 1107 2134 1156 Rom
2171 1107 2216 1155 ιἰ
2243 1108 2357 1157 363.
2389 1121 2443 1156 ιι.
2475 1109 2610 1158 248.

484 1174 791 1234 Marquardt
814 1190 848 1222 v
870 1173 937 1250 (1)
963 1175 1142 1223 53-4.
1209 1174 1356 1224 Rich.
1383 1175 1508 1222 Arn-
1534 1187 1579 1222 ιι
1601 1174 1663 1226 67
1696 1189 1810 1223 cum
1841 1176 1898 1222 ia
1931 1174 2258 1222 matrimonia
2287 1175 2605 1233 convenitis,

484 1246 604 1298 toqa
639 1238 941 1287 sternitis
974 1239 1241 1288 lectulos
1274 1247 1325 1287 et
1345 1241 1642 1288 maritorum
1674 1239 1892 1300 genios
1925 1240 2203 1287 advocatis.
2269 1238 2392 1286 Also
2426 1237 2611 1286 called

482 1305 725 1352 adversus
761 1304 931 1364 (Prop.
968 1317 1119 1352 v=1v
1153 1306 1213 1352 11
1250 1306 1333 1367 85)
1364 1318 1423 1352 as
1455 1303 1687 1364 fronting
1725 1303 1818 1352 the
1867 1307 2110 1352 entrance
2151 1303 2207 1350 of
2247 1301 2337 1351 the
2379 1305 2606 1352 atrium.

1264 1383 1452 1418 notens
1469 1383 1490 1418 1
1513 1370 1576 1420 75
1599 1383 1650 1418 ιι.
1701 1368 1794 1418 the
1815 1368 2034 1430 gat-dens
2057 1368 2112 1415 of
2132 1367 2382 1416 Lucullus
2405 1381 2477 1414 on
2495 1367 2607 1417 the

485 1431 706 1481 Pincian
730 1447 789 1481 or
810 1435 955 1481 collis
982 1433 1233 1483 hortorum
1254 1435 1449 1484 Becker
1471 1448 1492 1482 1
1515 1435 1629 1484 591.
1695 1433 1842 1482 Burn
1863 1434 2026 1482 Rome
2049 1433 2153 1482 and
2173 1433 2265 1481 the
2287 1432 2606 1492 Campagna

483 1497 728 1547 259-60.
798 1497 915 1546 Tac.
947 1513 1001 1545 11
1028 1499 1080 1557 13
1117 1498 1341 1547 whither
1374 1499 1654 1548 Messalina
1685 1498 1790 1548 fied
1817 1499 1950 1547 after
1980 1497 2072 1547 the
2105 1497 2365 1558 discovery
2397 1495 2455 1544 of
2489 1495 2602 1546 her

480 1561 648 1610 crime
672 1563 794 1626 (32),
824 1562 928 1611 and
950 1562 1115 1612 where
1138 1563 1231 1611 she
1252 1577 1355 1612 was
1381 1563 1517 1612 slain
1540 1563 1763 1627 (37-8).
1831 1563 2024 1613 DGass.
2053 1577 2118 1610 nx
2138 1563 2202 1610 31
2227 1565 2254 1623 §
2279 1564 2326 1610 3.

1020 1629 1130 1686 335
1166 1642 1462 1678 susurrus
1497 1629 1584 1679 Ov.
1627 1643 1695 1678 m.
1731 1643 1788 1676 vr
1819 1629 1916 1676 431
1961 1629 2264 1676 Eumenides
2311 1629 2604 1677 stravere

482 1694 703 1742 torum.
1437 1707 1562 1742 mru
1585 1707 1808 1748 muoso
1827 1707 1916 1741 xxv
1937 1695 2046 1743 221.
2119 1691 2327 1754 Lipsius
2349 1694 2441 1755 (on
2464 1691 2594 1743 Tac.

484 1771 603 1818 ann.
630 1773 675 1806 11
698 1758 781 1818 86)
806 1773 973 1806 seems
995 1757 1255 1807 mistaken
1277 1759 1335 1807 in
1357 1758 1601 1822 applying
1621 1758 1712 1807 the
1734 1758 1900 1806 words
1919 1761 1979 1806 1;ο4
2005 1758 2096 1806 the
2129 1759 2360 1817 amount,
2386 1756 2602 1818 though

482 1823 645 1870 decies
668 1831 879 1872 centena
904 1825 1195 1883 (1,000‚000
1230 1826 1498 1883 sesterces)
1521 1837 1624 1870 was
1657 1822 1857 1884 though
1897 1837 1928 1870 a
1959 1822 2114 1882 large,
2137 1825 2231 1870 not
2265 1837 2332 1872 an
2360 1824 2602 1872 unusual

479 1886 654 1966 dowry
674 1901 728 1935 vr
768 1889 861 1939 137
908 1887 1002 1937 bis
1043 1889 1355 1948 quingena
1394 1889 1550 1936 dedit.
1619 1887 1739 1937 Seu.
1765 1902 1906 1938 cons.
1939 1888 2002 1936 ad
2027 1887 2175 1937 Helv.
2204 1888 2266 1936 12
2297 1887 2376 1948 §6
2409 1895 2600 1948 panto·

479 1954 660 2000 minias
695 1952 898 2001 decies
932 1953 1224 2002 sestertio
1258 1955 1469 2002 nubunt.
1537 1951 1689 2002 Mart.
1719 1965 1772 2000 ιιι
1807 1955 1870 2001 23
1901 1955 1934 2000 3
1957 1951 1989 2000 4
2021 1951 2230 2001 decies
2260 1953 2389 2001 mihi
2423 1952 2597 2000 dotis

367 2058 377 2081 ,
480 2020 539 2065 in
560 2033 687 2066 auro
716 2018 725 2082 Ι
752 2033 935 2079 sponsa
958 2020 1121 2066 dabis.
1920 2019 2032 2076 336
2065 2031 2260 2066 vnum-r
2281 2031 2389 2065 cun
2413 2031 2597 2064 erens-

480 2095 702 2132 ·romsus
736 2095 932 2131 Ausrsx
966 2083 1031 2130 cf.
1058 2084 1151 2130 341
1176 2089 1228 2132 n.
1300 2081 1408 2133 So
1392 2097 1450 2130 ιιι
1471 2081 1563 2131 the
1584 2081 1836 2144 marriage
1869 2083 1926 2131 of
1961 2082 2098 2130 male
2119 2081 2246 2130 with
2265 2082 2402 2130 male
2424 2096 2471 2128 11
2496 2083 2596 2132 119

483 2147 771 2209 signatae
806 2148 1078 2208 tabulae,
1115 2149 1311 2197 dictum
1350 2149 1627 2210 ‘feliciter.'
1695 2148 1777 2196 On
1811 2147 1902 2196 the
1939 2147 2190 2208 marriage
2220 2147 2413 2195 tablets
2445 2147 2512 2194 cf.
2537 2162 2598 2196 ιι

482 2213 641 2262 75-6
683 2215 883 2260 tabulas
920 2227 1108 2275 quoquc
1141 2221 1368 2274 ruperat.
1401 2220 1454 2261 et
1485 2211 1626 2276 iam}
1657 2212 1957 2273 signabat.
2024 2212 2254 2273 Ramsay
2285 2227 2356 2260 on
2389 2211 2497 2261 Cic.
2529 2227 2591 2273 p.

480 2277 995 2338 Cluent.§§156—7.
1064 2277 1366 2338 Marquardt
1399 2291 1432 2326 v
1465 2278 1534 2340 (1)
1559 2278 1640 2327 46.
1715 2277 1858 2326 Suet.
1891 2276 2072 2325 Olaud.
2099 2277 2165 2325 26
2199 2293 2354 2339 quam
2385 2277 2592 2340 (Mese.)

480 2357 592 2388 cum
614 2343 926 2403 comperisset
950 2343 1005 2390 C.
1033 2341 1191 2392 Silio
1228 2345 1384 2390 etiam
1417 2343 1715 2404 nupsisse
1751 2341 1892 2391 dote
1921 2341 2088 2390 inter
2123 2341 2414 2404 auspices
2448 2357 2599 2401 con·⁴

480 2406 728 2465 'signata
770 2408 1019 2467 mpplicio
1060 2408 1267 2469 adfecit.
1334 2407 1403 2457 ib.
1440 2407 1504 2456 29
1548 2408 1684 2455 illud
1725 2422 1914 2456 omnem
1945 2408 2102 2469 fidem
2135 2409 2408 2456 excesserit
2456 2409 2595 2470 quoa

481 2470 745 2530 nuptiis,
785 2485 934 2530 quas
970 2471 1309 2520 Messalina
1341 2486 1478 2520 cum
1514 2471 1798 2521 adultero
1839 2471 1995 2522 Silio
2033 2471 2284 2530 fece-rat,
2319 2472 2593 2520 tabellas

480 2533 647 2581 dotis
670 2537 730 2582 et
761 2534 895 2595 ipse
922 2537 1401 2597 consignaverit,
1425 2537 1678 2594 inductus,
1694 2537 1928 2614 quaside.
1943 2537 2202 2585 industria
2223 2539 2594 2587 simularentur

482 2600 551 2646 ad
574 2601 898 2648 avertendum
922 2603 1418 2664 transferendumque
1435 2604 1735 2663 periculum,
1753 2603 1886 2664 quod
1907 2603 2162 2650 imminere
2185 2603 2292 2663 ipsi
2307 2617 2404 2662 per
2427 2617 2584 2663 quae·

485 2665 601 2711 dam
645 2671 840 2712 ostenta
876 2669 1273 2726 portenderetur.
1348 2665 1466 2716 Tac.
1512 2679 1567 2713 ιιι
1607 2667 1670 2716 27
1717 2667 1857 2714 haud
1897 2681 2008 2716 sum
2049 2669 2260 2726 iynarus
2294 2667 2590 2742 fabulosum

477 2731 645 2777 visum
667 2730 739 2776 iri
764 2735 960 2778 tantum
980 2732 1103 2779 ullis
1127 2733 1412 2780 mortalium
1433 2733 1716 2780 securitatis
1731 2732 1897 2792 fuisse
1930 2733 1989 2779 in
2016 2730 2277 2779 civitate
2311 2728 2587 2782 omnium

480 2808 670 2854 gnara
707 2793 840 2855 [Iar.
878 2796 996 2870 341]
1032 2803 1082 2842 et
1126 2797 1261 2843 nihil
1298 2799 1556 2856 reticente,
1601 2798 1783 2844 nedum
1823 2798 2072 2844 consulem
2115 2797 2438 2856 desiynatum
2473 2811 2588 2846 cum

480 2873 669 2906 uxore
706 2859 1012 2920 principis
1050 2859 1185 2922 [Iuv.
1210 2861 1343 2922 3301,
1362 2863 1635 2922 praedicta
1654 2862 1752 2920 die,
1777 2861 2028 2910 adhibitis
2053 2863 2140 2922 qui
2173 2860 2587 2922 obsignarent

479 2927 618 2973 velut
661 2925 1089 2988 suscipiendorum
1134 2925 1401 2973 liberorum
1443 2941 1600 2974 causa
1643 2929 1944 2986 convenisse,
1993 2933 2144 2988 atque
2187 2927 2339 2974 illam
2379 2929 2584 2975 audisse

481 2989 802 3051 auspicum
830 2991 1000 3047 verba,
1015 2989 1228 3046 subisse,
1250 2992 1562 3052 sacrificasse
1585 2992 1726 3052 apud
1747 2992 1890 3047 dem,-
1931 2992 2239 3039 discubitum
2259 2993 2396 3040 inter
2413 2995 2583 3040 convi-

478 3070 585 3112 vas,
611 3056 785 3104 oscula
808 3057 1102 3116 complexus,
1130 3061 1319 3102 noctem
1340 3056 1556 3117 denique
1589 3063 1759 3104 actam
1793 3057 2006 3104 licentia
2037 3058 2318 3116 coniuyali.
2385 3055 2584 3105 DGass.

474 3133 544 3168 nx
575 3091 639 3167 31
672 3123 700 3180 g
735 3121 765 3167 2
800 3118 894 3167 she
924 3118 1093 3167 would
1129 3116 1189 3166 in
1233 3118 1333 3166 due
1375 3119 1508 3168 form
1554 3119 1608 3167 of
1650 3122 1878 3170 contract
1925 3122 2070 3182 (κατὰ
2111 3123 2404 3182 συμβόλαια)
2451 3121 2586 3170 have

478 3183 688 3233 wedded
709 3184 781 3232 all
801 3183 897 3231 her
917 3197 1235 3244 paramourS,
1264 3183 1307 3231 if
1342 3183 1435 3232 she
1457 3184 1562 3232 had
1583 3188 1677 3232 not
1699 3185 1829 3233 been
1851 3184 2085 3234 detected
2117 3185 2222 3234 and
2248 3186 2406 3235 killed
2436 3189 2488 3235 ἐν
2516 3188 2592 3247 τῷ

478 3252 671 3312 πρώτῳ.
740 3249 959 3310 Quintil.
982 3250 1099 3312 v211
1122 3253 1149 3309 5
1174 3250 1235 3296 32
1258 3251 1395 3296 nihil
1417 3251 1596 3307 obstat,
1621 3253 1881 3312 quominus
1903 3253 2094 3299 iustum
2112 3253 2488 3300 matrimonium
2513 3253 2584 3300 sit

476 3321 636 3363 mente
660 3316 953 3374 coeuntium,
983 3315 1181 3362 etiamsi
1202 3313 1453 3363 tabulae
1487 3314 1766 3376 signatae
1798 3331 1898 3364 own
1909 3315 2137 3376 sueri-nt:
2159 3317 2297 3364 nihil
2318 3319 2452 3365 enim
2465 3331 2582 3378 pro·

480 3381 615 3427 derit
653 3379 940 3440 signasse
978 3378 1239 3440 tabulas,
1281 3381 1327 3427 si
1371 3386 1581 3428 mentem
1623 3382 1933 3428 matrimonii
1975 3395 2075 3428 non
2107 3381 2271 3441 fuisse
2315 3383 2577 3430 constabit.

1257 3457 1455 3493 Ausrsx
1489 3445 1586 3492 334
1607 3459 1660 3494 ιι.
1691 3444 1816 3507 (Cic.
1841 3459 1892 3505 p.
1917 3444 2157 3506 cluent..)
2224 3444 2419 3494 Becker
2439 3460 2486 3494 11
2511 3445 2580 3509 (3)

478 3509 561 3557 69.
628 3508 929 3570 Marquardt
965 3521 999 3556 v
1036 3507 1101 3574 (1)
1136 3509 1315 3558 45-6.
1397 3509 1502 3558 Cic.
1543 3509 1606 3558 de
1650 3509 1758 3560 div.
1801 3524 1822 3557 1
1861 3513 1888 3570 ξ
1925 3510 1988 3557 28
2021 3511 2158 3559 nihil
2183 3511 2296 3571 sere
2335 3511 2585 3573 quondam

473 3575 683 3621 maioris
713 3577 803 3635 rei,
831 3575 935 3623 nisi
975 3573 1317 3635 auspicatO,
1347 3589 1409 3622 ne
1438 3576 1686 3635 privatim
1721 3576 1938 3636 quidem,
1961 3577 2242 3634 multatur,
2265 3577 2398 3637 quod
2423 3576 2586 3624 etiam

480 3651 612 3684 nunc
656 3652 737 3685 nu
788 3639 1013 3686 tiarum
1058 3637 1339 3698 auspices
1383 3641 1661 3695 declarant,
1707 3641 1796 3702 qui
1839 3655 1892 3688 rc
1935 3642 2118 3688 omissa
2167 3655 2344 3689 nomen
2385 3647 2587 3690 inritum

485 3705 669 3747 tenent.
734 3701 755 3747 i
792 3706 858 3761 ,g
881 3703 927 3751 3.
1000 3702 1119 3751 VM.
1143 3715 1187 3750 11
1211 3702 1237 3749 1
1263 3706 1289 3762 g
1314 3703 1360 3750 1.
1428 3703 1550 3752 Luc.
1577 3717 1620 3750 11
1650 3705 1745 3753 371
1767 3706 2048 3763 ianquntur
2081 3705 2232 3752 taciti
2265 3707 2585 3768 contentique

485 3762 732 3819 auspice
770 3766 942 3815 Bruto.
1018 3765 1160 3814 SerV.
1194 3767 1323 3814 Aen.
1352 3779 1373 3813 1
1400 3767 1637 3816 346.1v
1663 3767 2302 3829 45.166.P1in.x§21.
2373 3769 2580 3822 sicas.

488 3837 509 3869 1
530 3824 560 3868 2
581 3825 806 3872 229-30
825 3830 1035 3876 socialia
1056 3832 1235 3880 omina.

482 3885 598 3942 337
633 3885 815 3935 Mai-kl.
852 3891 966 3937 ‘vel
988 3905 1050 3938 ex
1071 3893 1182 3940 loco
1206 3907 1301 3942 suo
1330 3897 1525 3956 motae,
1547 3895 1632 3946 vel
1659 3895 1868 3957 spurius
1891 3897 2094 3946 videtur
2125 3897 2212 3946 hic
2247 3899 2464 3948 νει-επις]
2535 3900 2590 3949 Π
