2725 4317
145 292 462 357 305-307]
590 292 805 343 AMAE.
869 290 1264 343 ATTONITUS
1307 289 1443 340 PRO
1486 289 1820 341 ELEGTRO.
2086 306 2125 377 3
2133 308 2179 375 4
2187 302 2227 375 5

153 425 474 476 StaatsverW.
513 421 579 472 11²
616 421 871 474 468-471
916 420 975 471 in
1009 423 1136 472 1820
1173 425 1274 471 two
1300 420 1421 471 lists
1452 420 1507 470 of
1536 437 1637 472 one
1668 424 1724 473 of
1749 423 1841 473 the
1867 423 2071 476 cohorte
2095 442 2228 479 were

149 489 313 538 found
338 488 413 554 (Ο.
441 488 772 537 Kellermann
801 487 1016 547 vigilum
1046 487 1398 535 Romanorum
1430 486 1680 535 latercula
1707 488 1810 537 dno
1837 489 2227 543 Coelimontana

149 554 298 603 Rom.
329 554 453 601 1835
483 551 752 601 fol.=CIL
778 565 834 598 v1
867 549 1136 616 1057—8);
1166 550 1225 598 in
1255 550 1383 599 1866
1406 564 1509 610 seq.
1544 565 1577 599 a
1608 552 1931 612 guard-room
1965 555 2226 617 (excubito-

149 619 302 678 rium)
325 616 450 665 with
469 630 626 677 many
646 614 977 675 inscriptions
999 614 1273 674 belonging
1293 616 1347 661 to
1372 614 1460 661 the
1485 614 1577 665 'nh
1600 614 1777 664 eohort
1802 615 1934 691 (CIL
1954 632 2011 666 vl
2031 620 2227 670 2998—-

149 682 320 743 3091).
387 679 468 728 On
487 680 578 727 the
599 681 862 740 sipomrtt,
887 681 1091 739 aquarii
1113 680 1204 728 eet.
1229 691 1314 727 aee
1335 677 1553 725 Henzen
1572 679 1632 726 in
1651 681 1831 729 annali
1851 681 1979 733 1874
2001 683 2094 732 118
2117 696 2225 744 secl.

149 745 356 804 Among
403 744 494 792 the
536 758 714 791 means
759 741 1024 803 employed
1065 742 1144 790 for
1187 740 1477 802 qnenohing
1519 742 1639 790 fires
1680 758 1810 792 were
1851 743 2043 807 eiponee
2086 746 2224 858 {firo-

149 809 384 870 engines)
419 806 522 855 and
557 822 694 855 amae
735 803 983 870 (buckets)
1022 805 1216 855 Oolum.
1256 818 1290 852 x
1319 806 1415 854 387
1453 806 1665 854 habilem
1695 808 1903 869 lymphis
1944 822 2079 858 amu
2112 825 2223 860 am.

149 873 287 921 Plin.
311 886 389 933 ep.
418 884 452 919 x
473 872 662 919 33:42
686 874 712 931 ἕ
734 871 764 917 2
790 871 958 918 nullus
986 884 1194 931 usquam
1217 871 1277 917 in
1293 870 1499 929 publico
1535 871 1661 930 stipo,
1681 872 1826 918 nulla
1859 886 2009 931 ama,
2030 876 2226 923 nullum

148 938 366 997 denique
397 938 774 983 instrumentum
802 934 872 981 ad
899 934 1134 981 incendia
1162 933 1522 993 compescenda.
1588 932 1688 993 dig.
1711 947 1734 981 1
1758 936 1816 982 15
1840 936 1871 983 3
1893 939 1918 996 5
1943 938 1973 983 3
1997 939 2222 1000 praefec-

149 1008 258 1047 tum
291 999 551 1059 vigilum
579 1012 675 1059 per
714 1005 868 1045 totam
902 1005 1090 1045 noctem
1120 996 1381 1057 vigilare
1414 997 1584 1044 debere
1616 1004 1666 1044 et
1698 1012 1920 1047 coerrare
1956 1003 2224 1049 calciatum

146 1078 261 1112 cum
305 1063 458 1111 amis
500 1069 548 1110 et
591 1062 826 1110 dolabris.
907 1060 1064 1121 Many
1096 1061 1441 1107 instrumente
1472 1060 1553 1107 sor
1591 1059 1681 1109 the
1716 1075 1855 1109 same
1888 1077 2109 1124 purpose
2146 1065 2219 1115 ib.

127 1141 315 1185 ‘111111
338 1128 367 1175 ’7
393 1128 452 1173 12
482 1130 508 1186 ς
533 1127 608 1174 18.
676 1125 866 1173 DGaSS.
890 1138 998 1172 nvn
1020 1125 1083 1171 14
1115 1129 1141 1185 ς
1167 1126 1226 1171 10
1255 1124 1382 1173 ὥστε
1414 1126 1535 1172 ποτὲ
1567 1127 1730 1175 νυκτὸς
1759 1123 2070 1189 ἐμπρησθεῖσῖ
2098 1146 2224 1177 τισιν

146 1193 462 1251 ἐπικουρῆσαι
507 1190 725 1251 (Drusus
765 1202 859 1236 son
890 1188 944 1237 of
973 1187 1224 1248 Tiberius)
1269 1190 1393 1246 μετὰ
1436 1190 1532 1235 τῶν
1574 1190 1841 1251 δορυφόρων
1885 1193 2215 1252 ἀναγκασθείς,

145 1255 272 1315 ὕδωρ
294 1256 450 1302 αὐτῶν
472 1257 738 1312 αἰτούντων,
768 1255 936 1315 θερμόν
957 1261 1122 1313 σφισιν
1145 1255 1316 1311 ἐγχέαι
1337 1254 1573 1301 κελεῦσαι.
1638 1252 1704 1301 ib.
1726 1267 1814 1301 1211
1835 1255 1865 1304 9
1886 1257 1913 1315 ἓ
1934 1255 1966 1301 4
1988 1256 2042 1303 of
2063 1256 2221 1305 Gaius

145 1318 423 1378 (Caligula)
465 1319 697 1376 ἔμπρησίν
730 1335 836 1364 τινα
871 1318 994 1375 μετὰ
1027 1320 1122 1364 τῶν
1157 1319 1459 1377 στρατιωτῶν
1501 1320 1805 1379 κατασβέσεις
1847 1320 2081 1383 ἐπήρκεσε
2121 1324 2223 1372 τοῖς

144 1384 440 1442 ζημιωθείσι.
504 1382 675 1429 Haase
697 1379 805 1429 ind.
833 1379 948 1429 Sen.
974 1386 987 1407 ‘
1004 1379 1333 1427 incendium!
1399 1379 1733 1429 Friedliinder
1754 1384 1798 1429 1⁴
1820 1383 1995 1433 27—9.

805 1456 1046 1491 noman
1078 1443 1290 1491 Aristot.
1313 1442 1369 1491 in
1394 1442 1535 1493 Stob.
1559 1444 1610 1494 fl.
1638 1457 1765 1493 xc111
1786 1447 1849 1494 38
1874 1447 1957 1508 (of.
1981 1446 2063 1512 25)
2086 1444 2220 1496 Ana·

142 1511 310 1558 kreon
333 1504 574 1556 returned
593 1511 648 1556 to
670 1506 965 1569 Polykrates
986 1507 1072 1555 his
1093 1508 1190 1567 gift
1213 1508 1266 1554 oi
1287 1522 1319 1555 a
1341 1508 1505 1555 talent
1528 1508 1581 1555 oi
1602 1508 1735 1567 gold,
1769 1510 1949 1571 saying
1980 1514 2106 1571 μισῶ
2134 1516 2221 1562 δω-

141 1576 276 1636 ρεάν,
296 1573 332 1633 ἥ
351 1590 421 1622 τις
443 1575 699 1636 ἀναγκάζει
722 1571 1054 1634 ἀγρυπνεῖν.
1119 1572 1246 1618 Hor.
1271 1585 1309 1619 e.
1335 1586 1357 1618 1
1383 1574 1409 1618 1
1434 1572 1594 1623 ‘le—8
1616 1588 1686 1621 an
1706 1573 1967 1633 vigilare
1988 1583 2118 1624 metu
2138 1592 2221 1625 ex-

142 1642 377 1694 animm,
411 1646 666 1698 noctesque
705 1637 900 1697 diesque
928 1636 936 1698 Ι
954 1636 1230 1698 formidare
1263 1638 1417 1684 malos
1440 1637 1599 1696 sures,
1634 1636 1940 1695 incendia,
1972 1654 2150 1700 servos,

97 1733 108 1743 ·
141 1718 204 1751 ne
229 1710 276 1750 te
299 1702 559 1762 compilent
571 1702 834 1763 suqientee,
863 1700 952 1747 hoe
975 1700 1152 1747 iuvat?
1188 1700 1300 1748 Sen.
1325 1700 1417 1759 Ag.
1442 1701 1651 1750 74—76.
1696 1701 1847 1749 Hero.
1874 1702 1985 1751 Oet.
2009 1703 2104 1752 650
2202 1736 2219 1754 .

142 1767 230 1817 On
252 1780 284 1814 a
305 1767 498 1813 master
518 1764 632 1813 who
651 1777 777 1822 gave
799 1763 884 1810 his
907 1766 1136 1811 servants
1158 1777 1227 1810 no
1251 1764 1389 1824 sleep
1413 1763 1552 1813 Stob.
1577 1764 1628 1813 fl.
1652 1779 1760 1811 mm
1781 1765 1862 1814 48.

656 1828 765 1885 305
801 1828 912 1884 306
946 1840 1218 1876 oononrnu
1252 1841 1525 1875 snnvonuu
1561 1841 1626 1875 111
1649 1829 1741 1876 141
1763 1844 1818 1876 n.
1882 1827 2003 1879 Ath.
2029 1844 2081 1891 p.
2104 1832 2223 1880 272·

141 1896 224 1944 καὶ
245 1895 347 1955 ’γὰρ
367 1894 554 1952 μυρίους
574 1894 652 1940 καὶ
678 1894 940 1953 δισμυρίους
961 1894 1037 1939 καὶ
1060 1894 1133 1939 ἔτι
1157 1894 1344 1941 πλείους
1368 1894 1418 1940 δὲ
1441 1891 1723 1949 πάμπολλοι
1746 1895 2013 1951 κέκτηνται.
2081 1894 2215 1945 Plin.

140 1972 313 2007 111111
336 1961 360 2017 ξ
383 1958 446 2005 26
469 1954 914 2015 mancipiorum
945 1954 1184 2015 legione
1197 1969 1235 2014 e,
1264 1956 1320 2003 in
1347 1957 1485 2004 domo
1516 1957 1664 2004 turba
1691 1963 1896 2005 externa
1915 1972 1975 2005 ae
1997 1958 2100 2006 iam
2119 1974 2220 2007 eer-

140 2036 320 2071 vorum
341 2036 528 2083 quoque
550 2034 704 2069 eausa
723 2020 1060 2067 nomenclator
1080 2018 1404 2068 adhibendus.

141 2088 259 2143 306
297 2097 570 2132 annvonuu
603 2084 736 2131 Nero
759 2081 969 2129 ordered
991 2081 1108 2130 Tae.
1135 2096 1200 2129 xv
1221 2082 1282 2128 43
1317 2080 1597 2131 subsidia
1629 2082 2035 2144 reprimendis
2067 2083 2220 2146 igni.

139 2151 256 2197 bue
289 2148 356 2195 in
387 2147 712 2209 propatulo
745 2146 1002 2207 quisque
1033 2145 1302 2196 haberet.

139 2225 355 2262 memus
386 2225 412 2260 1
433 2212 526 2260 109
548 2226 599 2260 n.
1307 2223 1589 2259 Anonnus
1624 2210 1747 2259 Sall.
1769 2209 1820 2259 h„
1847 2224 1869 2259 1
1890 2212 1955 2260 88
1975 2212 2151 2263 D=98
2171 2210 2221 2263 Κ

138 2281 216 2326 eie
255 2290 373 2325 vero
410 2276 554 2338 quasi
592 2272 920 2322 formidine
960 2271 1284 2322 adtonitus
1318 2289 1474 2335 neque
1508 2277 1671 2323 animo
1699 2290 1855 2336 neque
1888 2278 2093 2325 auribus
2126 2284 2220 2326 aut

142 2345 327 2401 linqua
347 2345 614 2401 conpetere.
683 2337 797 2387 Sen.
827 2351 905 2399 ep.
935 2338 998 2387 90
1019 2341 1045 2399 ἕ
1067 2337 1130 2385 43
1149 2353 1233 2386 vos
1255 2338 1324 2385 ad
1351 2353 1537 2386 omnem
1566 2346 1799 2387 tectorum
1819 2342 2019 2401 pavetis
2047 2356 2221 2390 sonum

140 2413 193 2455 et
227 2408 364 2452 inter
386 2406 614 2465 picturas
644 2409 848 2458 vestras,
885 2404 932 2449 ei
963 2403 1088 2463 quid
1123 2403 1388 2463 increpuit,
1412 2403 1600 2464 sapitis
1632 2402 1941 2454 adtoniti.
1970 2440 1984 2454 .
2010 2440 2025 2455 .
2053 2440 2067 2455 .
2098 2407 2219 2454 haee

139 2476 254 2518 erat
275 2468 538 2516 secundum
557 2473 790 2513 naturam
810 2466 993 2525 domus,
1021 2468 1079 2513 in
1106 2480 1207 2526 qua
1236 2466 1421 2514 libebat
1451 2468 1677 2515 habitare
1705 2482 1794 2516 nec
1822 2469 1984 2528 ipsam
2012 2484 2101 2518 nee
2124 2484 2220 2531 pro

138 2537 260 2594 ipsa
283 2533 554 2579 timentem.-
588 2544 718 2577 nunc
739 2544 921 2590 mayna
935 2543 1059 2591 pare
1079 2530 1237 2577 nostri
1258 2536 1411 2577 metus
1434 2536 1562 2579 tecta
1583 2537 1711 2579 eunt.
1756 2531 1891 2578 Plin.
1912 2546 1989 2593 ep.
2009 2547 2031 2580 1
2054 2536 2114 2581 22
2140 2537 2164 2594 ς
2189 2535 2216 2582 1

139 2599 240 2647 diu
269 2598 371 2645 iam
405 2596 464 2643 in
493 2596 609 2642 urbe
646 2595 837 2653 haereo,
872 2600 920 2640 et
958 2593 1159 2655 quidem
1193 2593 1519 2644 attonitus,
1582 2597 1843 2656 perturbat
1877 2611 1951 2644 me
1990 2598 2137 2659 lonya
2170 2606 2220 2647 et

130 2662 378 2725 pertinax
407 2659 637 2707 valetudo
672 2658 778 2705 Titi
810 2658 1075 2706 Aristonis.
1143 2670 1196 2705 π
1228 2657 1290 2704 20
1319 2660 1345 2717 ἓ
1377 2661 1422 2709 7.
1491 2672 1672 2719 paneg.
1695 2660 1775 2707 38.
1799 2660 1875 2728 48.
1905 2660 1969 2709 68
1998 2664 2219 2723 suspensi

139 2732 192 2774 et
227 2720 500 2771 attoniti.
571 2722 650 2770 76.
697 2721 831 2771 Tert.
858 2733 1076 2782 praescr.
1097 2719 1236 2772 haer.
1264 2719 1327 2768 43
1360 2720 1690 2782 diligentia
1722 2722 1991 2771 attonita
2020 2732 2066 2773 et
2097 2740 2219 2775 eura

137 2789 383 2838 sollicita.
452 2785 519 2834 id.
547 2784 665 2834 idol.
695 2785 758 2832 24
781 2783 965 2833 Oehler
985 2786 1118 2833 inter
1139 2786 1224 2833 hoe
1257 2786 1478 2845 scopulos
1512 2793 1561 2835 et
1590 2786 1746 2845 sinus,
1767 2790 1901 2835 inter
1932 2790 2051 2837 haec
2083 2792 2218 2837 vada

138 2861 193 2902 et
223 2852 371 2913 freta
408 2850 722 2897 idololatriae
763 2849 1020 2910 velificata
1059 2850 1248 2909 spiritu
1283 2850 1383 2896 Dei
1408 2850 1539 2911 fidei
1570 2852 1797 2912 navigat,
1831 2858 1942 2899 tuta
1972 2854 2019 2899 si
2051 2860 2217 2909 cauta,

136 2930 324 2966 secura
354 2915 401 2962 ei
438 2912 730 2960 attonita.
796 2911 866 2960 id.
900 2912 1002 2973 fug.
1041 2910 1100 2959 in
1129 2926 1260 2972 pers,
1299 2914 1328 2959 1
1361 2912 1419 2960 in
1448 2914 1769 2973 perseeution
1800 2916 2009 2963 ecclesia
2039 2916 2096 2964 in
2126 2918 2217 2964 at-

137 2978 354 3031 tonito
375 2984 448 3025 est
473 2975 556 3042 (on
577 2976 668 3024 the
689 2974 850 3039 alert).

278 3043 389 3099 307
423 3054 650 3088 nmooeno
680 3053 714 3086 v
733 3042 796 3088 38
816 3054 867 3089 n.
906 3038 963 3087 in
992 3038 1207 3088 another
1235 3052 1383 3088 sense
1412 3054 1443 3088 a
1471 3040 1760 3101 oompound
1787 3041 1841 3089 of
1866 3042 1901 3104 ff
1921 3040 2039 3101 gold
2061 3040 2164 3090 and
2183 3046 2213 3107 ἦ

139 3108 303 3158 silver
337 3104 468 3153 Plin.
488 3117 652 3151 xxxm
673 3106 699 3163 ς
721 3105 801 3153 80.
838 3102 905 3153 ib.
933 3117 988 3151 11
1009 3106 1033 3163 ᾖ
1057 3104 1148 3152 139
1169 3111 1243 3151 set
1271 3106 1382 3152 alia
1410 3120 1435 3153 e
1456 3106 1564 3167 fine
1596 3106 1752 3153 initia
1780 3107 2017 3166 iuvatque
2051 3108 2217 3155 ludere

137 3170 398 3232 impendio
412 3176 461 3216 et
477 3170 610 3216 lmus
629 3170 878 3229 geminare
897 3169 1140 3216 miscendo
1162 3168 1433 3229 iterumque
1456 3175 1505 3216 et
1526 3170 1640 3230 ipsa
1661 3169 1943 3217 adulterare
1966 3171 2220 3219 adulteria

136 3244 378 3291 naturae,
402 3234 529 3281 nient
555 3230 913 3280 testudines
943 3234 1179 3293 tinyuere‚
1203 3235 1533 3293 argentum
1563 3246 1712 3281 auro
1740 3233 2125 3281 confundere
2150 3237 2219 3283 ut

139 3299 391 3348 electra
420 3295 598 3356 fiant,
622 3296 802 3343 addere
838 3297 915 3342 hie
947 3310 1067 3343 aera
1099 3302 1158 3343 ut
1193 3296 1473 3345 Corinthia.
1544 3295 1695 3356 Apul.
1723 3309 1796 3345 m.
1825 3309 1870 3344 11
1900 3297 1961 3347 19
1991 3300 2219 3359 opiparee

137 3367 276 3413 citro
299 3368 347 3409 et
369 3360 544 3409 ebore
565 3362 774 3408 nitentes
800 3360 915 3407 lecti
938 3397 950 3409 .
978 3393 992 3407 .
1017 3393 1032 3407 .
1054 3358 1346 3407 sueinum
1366 3362 1489 3407 mire
1510 3367 1753 3411 cavatum.

137 3438 376 3477 rumen
407 3425 468 3473 89
489 3438 544 3471 n.
587 3423 715 3471 Hor.
739 3437 783 3471 e.
806 3437 873 3471 111
895 3423 923 3470 1
946 3421 1026 3470 41.
1074 3422 1236 3471 Strab.
1262 3424 1375 3474 437.
1399 3424 1511 3472 577.
1560 3424 1619 3471 in
1639 3422 1766 3472 both
1786 3423 1955 3483 places
1979 3423 2221 3486 speaking

139 3492 200 3540 of
239 3489 331 3537 the
363 3490 503 3547 great
533 3485 788 3535 monolith
799 3488 984 3548 pillare
1014 3486 1270 3547 imported
1297 3487 1430 3535 from
1464 3486 1703 3547 Synnada
1725 3489 1818 3537 577
1842 3490 1920 3537 διὰ
1943 3492 1993 3537 δὲ
2014 3494 2102 3550 τὴν
2124 3494 2219 3538 νυνὶ

139 3556 462 3604 πολυτέλειαν
483 3554 577 3599 τῶν
592 3549 836 3608 Ῥωμαίων
857 3553 1036 3601 κίονες
1056 3553 1347 3613 ἑξαιροῦνται
1366 3553 1609 3610 μονόλιθοι
1632 3554 1851 3613 μεγάλοι,
1878 3555 2221 3610 πλησιάζοντες

140 3620 219 3679 τῷ
243 3619 576 3677 ἀλαβαστρίτῃ
598 3617 716 3675 λίθῳ
737 3616 862 3663 κατὰ
881 3617 969 3673 τὴν
991 3618 1244 3664 ποικιλίαν.
1315 3616 1453 3671 ὥστε,
1478 3618 1648 3677 καίπερ
1671 3618 1854 3675 πολλῆς
1877 3620 2015 3674 οὔσης
2035 3620 2119 3675 τῆς
2140 3620 2219 3667 ἐπὶ

142 3686 397 3733 θάλατταν
429 3681 622 3739 ἄγω-γῆς
652 3682 748 3727 τῶν
777 3680 1067 3736 τηλικούτων
1098 3680 1316 3740 φορτίων,
1351 3679 1474 3735 ὅμως
1506 3682 1584 3727 καὶ
1618 3678 1801 3728 κίονες
1833 3682 1909 3727 καὶ
1944 3683 2125 3731 πλάκες
2156 3685 2221 3732 είς

136 3748 330 3803 Ῥώμην
360 3747 626 3807 κομίζονται
658 3745 926 3798 θαυμασταὶ
960 3745 1084 3792 κατὰ
1114 3745 1170 3792 τὸ
1200 3744 1401 3801 μέγεθος
1433 3745 1511 3791 καὶ
1546 3745 1737 3791 κάλλος.
1800 3742 1934 3794 Plin.
1970 3757 2099 3793 xxxv
2130 3747 2158 3805 ἓ
2188 3747 2220 3793 3

139 3813 206 3863 in
237 3809 413 3859 Nero’s
445 3808 572 3856 time
605 3821 726 3855 men
756 3806 922 3855 learnt
948 3808 1168 3856 maculas
1198 3820 1324 3869 quae
1357 3821 1458 3855 non
1490 3813 1647 3856 essent
1678 3808 1735 3855 in
1756 3809 1933 3857 ornetis
1964 3810 2221 3859 inserendo
