2725 4317
497 256 589 324 26
1106 262 1494 314 PRovmcEs
1533 260 1947 313 DESPOILED.
2141 258 2292 325 [vm
2316 259 2613 319 107—113

490 413 618 460 quae
634 398 742 461 suit
767 398 868 446 Gai
897 398 1148 459 principis
1170 405 1415 455 matrona,
1454 394 1730 443 bedizened
1770 395 1895 444 with
1926 395 2097 458 jewels
2135 398 2190 445 to
2225 396 2314 445 the
2346 395 2506 446 value
2540 398 2604 446 of

492 463 786 521 40,000,000
809 464 1069 521 sesterces,
1109 461 1213 509 and
1234 460 1349 508 that
1373 475 1441 508 on
1469 462 1561 507 not
1595 474 1663 508 on
1697 474 1798 521 any
1826 463 1969 520 great
1996 462 2129 509 state
2167 459 2478 509 ceremonial
2510 464 2608 510 sed

492 528 813 575 mediocrium
846 527 999 574 etiam
1031 527 1337 587 sponsalium
1376 540 1515 574 cena.
1583 539 1680 572 nor
1713 522 1819 572 had
1851 523 1999 572 those
2037 524 2162 585 gifts
2201 523 2331 573 been
2364 524 2608 574 received

494 591 627 640 from
648 604 717 638 an
749 590 1023 650 emperor's
1059 588 1386 651 prodigality,
1422 591 1506 637 sed
1541 592 1711 637 avitae
1751 603 1879 651 opes,
1914 587 2390 650 provinciarum
2425 588 2604 637 scili·

494 657 592 704 cet
626 653 855 716 spoliis
888 656 1122 715 partae.
1193 654 1273 702 hic
1312 662 1385 702 est
1417 653 1789 715 rapinarum
1823 655 2006 713 exitus,
2051 654 2139 701 hoc
2166 655 2279 716 suit
2319 668 2472 714 quare
2514 656 2599 705 M.

493 721 691 769 Lollius
713 721 989 782 infamatus
1011 733 1179 778 reyum
1199 722 1480 767 muneribus
1504 721 1562 766 in
1586 725 1685 766 toto
1710 719 1898 765 oriente
1929 719 2202 766 interdicta
2224 719 2456 766 amicitia
2478 733 2512 766 a
2542 719 2604 769 0.

498 786 709 832 Caesare
731 786 947 844 Auyusti
956 785 1075 846 filio
1097 798 1332 831 venenum
1354 785 1555 842 biberet,
1594 789 1651 829 ut
1684 783 1846 846 neptis
1881 782 1987 830 eius
2021 782 2464 844 quadrinyentiens
2498 798 2605 832 ses—

496 851 642 897 tertio
664 856 835 909 operta
854 855 1159 910 spectaretur
1178 849 1247 895 ad
1269 849 1515 895 lucernas.

495 926 692 961 nuans
724 911 853 961 than
875 926 1004 960 were
1025 911 1212 971 gained
1233 910 1290 959 in
1310 926 1428 959 war.
2305 912 2416 972 108
2449 927 2606 963 nouit

495 977 615 1027 Tac.
641 991 726 1026 an.
752 990 806 1025 xv
830 977 892 1027 72
918 978 1082 1037 primo
1115 975 1304 1024 boves
1337 975 1527 1037 ipsos,
1566 992 1675 1025 mox
1710 991 1872 1036 ayros,
1901 985 2148 1039 postremo
2183 993 2389 1040 corpora
2422 980 2603 1027 coniu—

491 1057 607 1103 9um
642 1049 733 1090 aut
769 1043 1034 1089 liberorum
1066 1042 1272 1089 servitio
1311 1043 1594 1089 tradebant.
1662 1040 1727 1088 ci.
1764 1040 2061 1101 Marquardt
2094 1056 2159 1090 111
2195 1043 2223 1089 1
2258 1043 2468 1092 291—2.
2503 1057 2541 1091 v
2584 1058 2606 1091 1

495 1108 606 1158 177.
1417 1145 1422 1154 ,
1775 1104 1881 1161 110
1916 1105 1982 1153 cf.
2008 1105 2111 1154 Cic.
2136 1105 2280 1156 Verr.
2305 1120 2357 1154 ιν
2378 1121 2423 1155 e.
2440 1122 2486 1168 g.
2515 1111 2545 1168 5
2574 1109 2605 1155 1

491 1186 644 1232 nego
676 1167 744 1220 in
779 1171 1003 1221 Sicilia
1036 1173 1184 1231 tota,
1220 1179 1322 1219 tam
1356 1172 1610 1233 locupleti,
1650 1178 1754 1219 tam
1785 1177 1945 1218 vetere
1971 1173 2253 1232 provincia,
2283 1178 2354 1219 tot
2375 1174 2605 1233 oppidis,

495 1244 566 1285 tot
600 1238 825 1299 familiis
873 1244 976 1288 tam
1013 1238 1242 1297 copiosis,
1290 1235 1490 1283 ullum
1538 1237 1905 1296 argenteum
1952 1249 2075 1293 vas,
2122 1235 2325 1284 ullum
2381 1236 2602 1284 Corin-

493 1300 695 1349 thium
746 1303 850 1349 aut
897 1300 1229 1349 Deliacum
1284 1299 1505 1359 fuisse,
1563 1300 1761 1348 ullam
1805 1313 2109 1359 gemmam
2154 1303 2263 1348 aut
2306 1301 2607 1361 margari-

494 1367 636 1424 tam,
687 1364 1023 1426 quidquam
1071 1378 1140 1413 ex
1187 1378 1341 1413 auro
1390 1368 1500 1414 aut
1549 1363 1728 1412 ebore
1783 1364 2037 1422 iactum,
2090 1363 2342 1424 signum
2396 1364 2605 1415 ullum

494 1443 769 1491 aeneum,
816 1445 1243 1487 marmoreum,
1292 1429 1650 1491 eburneum,
1699 1443 1862 1489 nego
1911 1428 2104 1477 ullam
2150 1428 2468 1490 picturam
2499 1445 2605 1479 ne·

495 1508 614 1555 que
662 1494 728 1542 in
773 1494 990 1543 tabula
1035 1508 1230 1554 neque
1273 1494 1342 1543 in
1386 1494 1624 1553 textili,
1670 1494 1823 1556 quin
1867 1493 2302 1555 conquisierit,
2352 1494 2604 1555 inspex-

495 1558 634 1617 erit,
685 1558 843 1620 quod
888 1558 1188 1621 placitum
1241 1558 1327 1608 sit
1378 1559 1742 1608 abstulerit.
1811 1559 1875 1608 cf.
1915 1561 1970 1619 55
2009 1560 2056 1607 2.
2097 1558 2178 1607 48.
2245 1558 2316 1606 ib.
2357 1563 2384 1620 5
2422 1558 2485 1606 18
2520 1575 2605 1608 res

493 1625 640 1672 illum
662 1625 863 1672 divinas
887 1626 1024 1686 apud
1044 1640 1122 1672 eos
1146 1626 1260 1673 deos
1277 1627 1334 1673 in
1354 1641 1445 1673 suo
1467 1628 1691 1674 sacrario
1708 1640 1864 1687 prope
1883 1624 2177 1686 quotidiano
2191 1625 2367 1686 facere
2389 1625 2605 1676 vidisti:

493 1704 593 1737 nou
629 1696 851 1737 movetur
924 1692 1117 1738 ecunia.
1145 1724 1159 1737 .
1185 1723 1197 1739 .
1230 1725 1242 1737 .
1268 1691 1364 1738 tibi
1411 1691 1535 1738 habe
1578 1691 1926 1751 Canephoros:
1965 1685 2218 1736 deorum
2252 1686 2607 1739 simulacra

493 1753 779 1802 restitue.
844 1753 864 1802 i
941 1768 993 1815 p.
1019 1753 1150 1803 Sest.
1174 1757 1200 1815 5
1226 1754 1289 1803 94
1312 1754 1560 1815 speaking
1583 1754 1637 1801 oi
1668 1753 1787 1801 Piso
1818 1769 1972 1814 neque
2010 1760 2171 1801 tamen
2191 1755 2296 1801 ullo
2319 1755 2376 1801 in
2392 1755 2607 1814 publico

495 1825 586 1867 aut
607 1820 840 1878 religioso
864 1821 968 1867 loco
991 1821 1188 1879 siquam
1221 1827 1312 1867 aut
1336 1820 1561 1867 tabulam
1581 1826 1673 1866 aut
1696 1826 2035 1867 oruamentum
2062 1820 2337 1878 reliquisse.
2411 1815 2480 1865 Of
2514 1817 2607 1867 his

495 1882 708 1932 brother
743 1883 919 1932 Cicero
960 1897 1077 1944 says
1113 1882 1178 1931 ad
1218 1884 1314 1943 Qu.
1339 1884 1403 1931 ir.
1429 1898 1449 1929 1
1473 1883 1581 1943 153
1606 1883 1734 1931 8-9
1761 1885 2080 1945 praeclarum
2123 1889 2195 1930 est
2239 1884 2371 1930 enim
2412 1897 2606 1932 summo

494 1963 603 1996 cum
622 1949 830 2011 imperio
844 1950 1007 2011 suisse
1030 1950 1227 1997 iaAsia
1246 1950 1533 2008 triennium,
1548 1950 1622 1995 sic
1645 1950 1713 1995 ut
1746 1947 1994 1996 nullum
2026 1949 2087 1995 te
2122 1945 2386 2007 signum,
2409 1945 2557 1995 null
2573 1962 2606 1995 a

492 2012 761 2074 pictura,
793 2012 1035 2062 nullum
1067 2027 1189 2073 vae,
1229 2011 1404 2061 nulla
1437 2011 1649 2072 vestie,
1688 2012 1933 2060 nullum
1977 2010 2383 2072 mancipium,
2418 2010 2606 2061 nulla

494 2078 693 2126 forma
725 2077 1113 2139 cuiusquam,
1145 2077 1323 2128 nulla
1356 2076 1651 2125 condicio
1687 2076 1991 2137 pecuniae
2024 2076 2223 2138 (quibus
2256 2075 2420 2124 rebus*
2442 2078 2604 2125 abun·

493 2144 583 2191 dat
603 2145 707 2191 ista
722 2144 1010 2205 provincia)
1035 2145 1099 2191 ab
1120 2158 1307 2191 summa
1329 2144 1623 2201 intem-itate
1646 2142 2051 2202 continentiaque
2084 2141 2348 2188 deduxerit
2371 2177 2385 2192 .
2414 2178 2425 2191 .
2462 2175 2476 2190 .
2498 2156 2605 2190 non

493 2210 758 2257 itineribus
784 2209 883 2256 tuis
898 2210 1170 2269 perterreri
1195 2210 1424 2266 homines,
1453 2221 1554 2254 non
1574 2213 1773 2267 sumptu
1797 2207 2078 2262 exhauriri,
2101 2220 2201 2253 uon
2224 2206 2443 2253 adventu
2474 2220 2604 2254 com-

492 2275 674 2322 moveri
694 2277 715 2321 3
739 2305 752 2324 .
780 2306 795 2324 .
825 2304 841 2323 .
867 2308 880 2324 .
907 2287 1018 2321 cum
1036 2274 1153 2320 urbs
1176 2273 1439 2327 custodem,
1464 2286 1564 2319 non
1589 2277 1873 2334 tyrannum,
1900 2271 2069 2318 domus
2096 2271 2351 2331 hospitem,
2374 2285 2475 2318 non
2508 2284 2602 2318 ex-

492 2337 841 2399 pilatorem,
880 2339 1116 2399 recepisse
1138 2338 1389 2385 videatur.
2176 2334 2277 2391 111
2315 2348 2362 2382 st
2386 2348 2505 2388 oms
2542 2350 2604 2383 ns

493 2415 746 2450 nmmum
777 2415 915 2450 nnus
948 2414 1137 2450 umens
1169 2400 1358 2449 Tibull.
1385 2415 1406 2448 1
1431 2402 1493 2448 10
1517 2401 1709 2450 19-20
1744 2407 1848 2448 tum
1868 2401 2044 2448 melius
2068 2406 2263 2448 tenuere
2285 2401 2455 2463 fidem,
2488 2414 2607 2447 cum

492 2481 762 2528 paupere
797 2466 969 2514 cultu
995 2463 1003 2531 Ι
1034 2465 1240 2514 stabat
1285 2465 1350 2514 in
1401 2465 1624 2525 exigua
1672 2464 1917 2524 ligneus
1964 2463 2111 2513 aede
2156 2461 2320 2512 deus.
2389 2464 2602 2513 Petron.

492 2532 556 2579 29
568 2538 832 2593 praeterea
852 2532 1041 2592 ‚orande
1063 2534 1336 2580 armarium
1356 2532 1415 2578 in
1435 2532 1620 2591 auyulo
1641 2530 1771 2587 vidi,
1794 2528 1859 2577 in
1881 2528 2062 2579 cuius
2094 2528 2383 2577 aedicula
2416 2532 2603 2576 erant

490 2595 684 2644 Lares
740 2595 1022 2657 argentei
1077 2594 1273 2657 positi
1327 2594 1711 2654 Venerisque
1767 2593 2011 2654 signum
2066 2608 2503 2650 marmoreum,
2553 2602 2603 2643 et

557 2664 635 2709 xis
665 2676 819 2710 aurea
850 2676 951 2709 nou
980 2663 1191 2723 pusilla,
1231 2664 1289 2709 iu
1328 2676 1431 2722 qua
1471 2661 1674 2708 barbam
1709 2660 1870 2720 ipsius
1910 2660 2163 2707 conditam
2201 2673 2302 2707 esse
2343 2659 2596 2708 dicebant.

538 2727 627 2776 ert.
664 2725 728 2774 de
761 2724 881 2775 idol.
923 2727 954 2773 8
982 2741 1070 2774 uec
1108 2728 1239 2774 enim
1272 2727 1458 2787 differt,
1486 2740 1555 2773 an
1588 2730 1787 2772 extruas
1820 2725 1901 2771 vel
1931 2738 2150 2784 exornes,
2181 2725 2227 2771 si
2268 2725 2514 2784 templum,
2552 2726 2602 2772 si

492 2805 650 2850 aram,
686 2792 732 2838 si
767 2789 1120 2839 aediculam
1154 2792 1261 2839 eius
1283 2791 1599 2838 instruxeris.
1666 2787 1816 2849 ApuL
1858 2787 1994 2836 cited
2026 2802 2097 2835 on
2130 2788 2240 2838 157.
2314 2787 2395 2835 On
2416 2787 2602 2835 Nero's

492 2854 711 2916 plunder
732 2855 786 2903 oi
817 2856 953 2917 Italy
975 2854 1078 2904 and
1112 2855 1203 2903 the
1229 2853 1499 2916 provinces
1532 2854 1636 2902 and
1676 2853 1730 2901 oi
1763 2852 1906 2901 their
1938 2853 2156 2914 temples
2191 2867 2276 2901 see
2301 2851 2418 2899 Tac.
2443 2866 2509 2899 xv
2532 2853 2602 2901 45

492 2922 685 2970 interea
707 2923 1012 2983 conferendis
1027 2923 1258 2982 pecuniis
1279 2955 1296 2972 .
1323 2953 1339 2969 .
1371 2954 1385 2969 .
1400 2921 1696 2981 provinciae
1719 2932 1915 2970 eversae
1948 2920 2170 2980 sociique
2193 2918 2372 2979 populi
2395 2924 2444 2964 et
2467 2931 2602 2978 quae

493 2988 758 3034 civitatum
791 2987 976 3034 liberae
1008 2993 1266 3034 vocantur.
1316 2984 1504 3044 inque
1536 2998 1666 3032 eam
1698 2981 1987 3044 praedam
2021 2981 2215 3030 etiam
2245 2981 2308 3030 di
2338 2995 2600 3038 cessere,

495 3050 790 3114 spoliatis
822 3049 889 3098 in
921 3050 1068 3099 urbe
1102 3048 1379 3111 templis,
1415 3056 1672 3110 eyestoque
1707 3063 1831 3097 auro
1867 3049 1999 3110 quod
2023 3048 2290 3108 triumphis
2314 3046 2445 3106 quod
2467 3048 2602 3094 votis

490 3117 649 3165 omnis
666 3117 847 3179 populi
872 3116 1088 3164 Romani
1122 3123 1262 3164 aetas
1295 3129 1530 3176 prospere
1567 3120 1658 3161 aut
1693 3115 1751 3161 in
1787 3118 1920 3162 metu
1948 3118 2253 3160 sacraverat.
2324 3111 2451 3158 enim
2483 3125 2603 3159 vero

492 3194 599 3242 per
632 3180 844 3230 Asiam
877 3181 1058 3241 atque
1091 3178 1392 3228 Achaiam
1443 3193 1567 3227 non
1613 3177 1774 3226 dona
1820 3178 2068 3225 tantum
2120 3175 2222 3224 sed
2257 3173 2605 3223 simulacra

493 3244 817 3294 numinum
850 3243 1343 3305 abripiebantur,
1380 3246 1541 3292 missis
1564 3245 1621 3292 in
1654 3257 1738 3291 eas
1764 3243 2057 3304 provincias
2081 3240 2265 3289 Acrato
2289 3253 2348 3287 ac
2371 3240 2605 3287 Secundo

498 3310 777 3361 Carrinate.
849 3309 990 3359 Suet.
1015 3308 1134 3362 Ner.
1161 3310 1225 3357 38
1248 3309 1337 3360 fin.
1383 3308 1577 3357 Dosse.
1603 3321 1712 3355 an
1737 3308 1797 3355 18
1821 3310 1847 3367 5
1869 3307 1918 3355 5.
1954 3306 2098 3354 Oros.
2123 3319 2197 3353 vn
2223 3306 2270 3355 7.

496 3373 601 3431 112
635 3387 894 3424 misnens
928 3373 1063 3424 Plin.
1103 3389 1184 3435 ep.
1223 3388 1323 3422 vm
1360 3374 1424 3421 24
1461 3377 1487 3434 5
1525 3374 1554 3422 5
1590 3374 1645 3421 to
1678 3387 1710 3420 a
1743 3369 1915 3419 friend
1958 3370 2112 3431 going
2156 3384 2212 3418 as
2259 3382 2507 3430 governor
2547 3372 2607 3416 to

493 3438 686 3488 Achaia
717 3441 989 3500 recordare,
1032 3441 1158 3502 quid
1192 3454 1413 3501 quaeque
1445 3440 1628 3487 civitas
1657 3438 1842 3501 suerit,
1865 3450 1964 3485 uon
1999 3443 2056 3484 ut
2090 3433 2433 3496 despicias,
2469 3436 2608 3495 quod

496 3519 594 3552 esse
618 3505 853 3554 desierit:
890 3506 1022 3552 absit
1042 3506 1278 3565 superbia
1298 3505 1559 3568 asperitas.

497 3567 603 3626 113
636 3581 878 3617 mennas
900 3581 1122 3617 Rnomos
1143 3583 1199 3617 v1
1219 3569 1333 3618 296.
1359 3568 1520 3617 Mart.
1543 3582 1575 3616 x
1598 3567 1660 3616 68
1685 3568 1728 3617 1.
1768 3565 1906 3615 Plut.
1931 3564 1994 3613 de
2017 3564 2199 3613 curios.
2223 3564 2318 3614 div,
2353 3564 2382 3611 5
2406 3577 2454 3625 p.
2481 3563 2609 3613 525¹J

495 3636 600 3683 τοὺς
619 3635 707 3691 μὲν
729 3632 1080 3684 οὗνῬοδίους
1114 3635 1140 3683 ὁ
1168 3634 1483 3696 Στρατόνικος
1505 3635 1815 3682 ἐπέσκωπτεν
1849 3633 1928 3680 εἰς
1962 3631 2380 3688 πολυτέλειαν,
2422 3630 2604 3679 οἰκοδο·

495 3701 598 3756 μεῖν
630 3700 716 3756 μὲν
750 3700 810 3748 ὡς
849 3700 1112 3749 ἀθανάτους
1149 3701 1323 3760 λέγων,
1364 3700 1563 3760 ὀψωνεῖν
1596 3699 1648 3745 δὲ
1681 3698 1739 3746 ὠς
1779 3697 2141 3755 ὀλιγοχρονίους.
2215 3693 2402 3743 Athen.
2427 3706 2527 3740 v111
2551 3709 2604 3755 p.

497 3763 629 3811 3510.
664 3761 732 3811 ib.
766 3777 818 3823 p.
847 3761 988 3809 352120
1042 3765 1149 3812 τοὺς
1185 3765 1235 3811 δὲ
1266 3762 1472 3812 Ῥοδίους
1511 3763 1536 3810 ὁ
1574 3761 1715 3810 αὐτὸς
1748 3757 2063 3820 Στρατόνικος
2098 3759 2491 3807 σπαταλῶνας
2525 3762 2610 3807 καὶ

500 3825 791 3892 θερμοπότας
829 3829 1030 3889 θεωρῶν,
1068 3830 1163 3890 ἔφη
1203 3826 1369 3877 αὐτοὺς
1405 3828 1598 3875 λευκοὺς
1633 3827 1751 3874 εἶναι
1789 3825 2092 3885 Κυρηναίους.
2162 3824 2241 3871 καὶ
2273 3820 2419 3881 αὐτὴν
2444 3824 2613 3882 δὲτὴν
