2725 4317
500 278 645 352 282
828 265 1081 340 emm.
1121 282 1523 335 moneam.
1591 281 1816 334 ALBAN
1861 279 2073 335 wmn.
2137 282 2305 346 [xm-
2324 284 2624 343 zoe—215

518 431 694 481 habere
738 431 989 486 vellemus,
1038 443 1149 479 cum
1181 431 1384 479 secretis
1418 427 1914 492 cogitationibus
1948 432 2131 481 nostris
2168 434 2387 481 caeleste
2428 447 2609 483 numen

518 497 687 544 adesse
730 496 1116 543 credidissemus.
1182 494 1312 543 Xen.
1348 509 1502 544 mem.
1537 509 1559 543 1
1593 496 1621 543 1
1654 498 1680 556 5
1718 497 1776 544 19
1812 495 2048 545 Solu-ates
2082 495 2300 544 differ-ed
2342 498 2486 545 from
2519 498 2608 546 the

517 559 699 618 vulgar
726 557 784 606 in
818 557 1072 619 believing
1092 557 1207 607 that
1229 558 1343 607 (iod
1363 559 1537 607 known
1567 558 1837 621 alithings
1859 559 1970 607 said
1992 558 2094 607 and
2125 560 2261 608 done
2294 564 2380 609 καὶ
2403 566 2471 610 τὰ
2490 560 2607 622 σιγῇ

516 624 851 686 βουλευόμενα.
933 621 1095 670 Clem.
1131 622 1213 671 Al.
1250 625 1343 672 stt.
1381 637 1435 670 π
1468 625 1497 670 2
1534 626 1559 684 5
1598 625 1661 671 23
1695 637 1751 685 p.
1791 623 1884 674 749
1923 624 2203 672 illustratos
2238 623 2332 672 the
2369 628 2516 686 story
2552 626 2607 673 of

519 686 745 735 Glaukos
776 686 911 735 {rom
943 685 1204 747 Aristoph.
1237 686 1302 735 ir.
1338 688 1434 736 553
1470 690 1663 736 δύναται
1690 690 1787 749 γὰρ
1820 691 1922 737 ἴσον
1951 685 2020 749 τῷ
2052 688 2166 749 δρᾶν
2195 689 2256 736 τὸ
2290 691 2439 739 νοεῖν.
2509 689 2600 737 Ov.

518 765 679 799 amor.
695 764 760 798 111
782 751 815 798 4
835 751 868 798 4
889 751 920 799 5
942 765 1082 812 quae,
1103 752 1226 813 quia
1246 765 1345 800 non
1366 754 1534 811 liceat,
1559 766 1658 800 non
1668 752 1823 814 facit,
1846 754 1942 799 illa
1951 753 2106 813 facit.
2135 750 2146 816 Ι
2170 759 2231 799 ut
2252 752 2365 800 iam
2386 756 2600 801 servaris

519 817 634 863 bene
656 829 843 877 corpus,
872 814 1105 863 adultera
1132 829 1264 864 mens
1296 822 1386 863 est.
1453 815 1570 864 VM.
1592 828 1645 863 v1
1668 819 1695 864 1
1720 817 1745 874 ἓ
1766 817 1797 864 8
1819 815 2056 864 Metellus
2086 814 2232 864 Celer
2263 830 2376 864 was
2408 825 2597 878 stupro·

516 893 600 927 tae
622 881 795 927 neentis
819 893 936 927 acer
959 880 1204 940 poenitor,
1238 878 1480 939 accusing
1511 878 1616 929 and
1646 879 1915 940 procuring
1948 878 2038 927 the
2071 879 2375 927 conviction
2412 881 2469 929 of
2502 881 2594 930 Cn.

521 942 724 1003 Sergius
749 942 884 992 Silue
906 942 985 990 ior
1005 942 1286 1004 promising
1313 957 1499 1005 money
1520 946 1574 991 to
1596 957 1627 991 a
1647 941 1868 991 married
1888 943 2034 1004 lady:
2067 958 2166 991 non
2195 945 2331 991 enim
2363 944 2388 992 f
2395 948 2493 993 act
2503 959 2597 992 um

519 1015 651 1066 tunc,
682 1008 767 1055 sed
799 1006 1042 1057 animus
1074 1009 1133 1055 in
1163 1009 1493 1068 quaestionem
1524 1008 1762 1055 deductus
1794 1013 1883 1065 est,
1912 1009 2119 1069 plusque
2151 1007 2441 1056 voluisse
2471 1023 2596 1070 pec·

516 1085 654 1119 care
685 1071 896 1119 nocuit
926 1085 1074 1131 quam
1101 1086 1199 1119 non
1223 1085 1452 1131 peccasse
1476 1071 1687 1133 profuit.
1761 1070 1879 1120 Seu.
1912 1069 1973 1119 de
2005 1070 2083 1120 ira
2103 1085 2123 1117 1
2146 1073 2175 1118 3
2199 1074 2225 1131 ἓ
2252 1073 2279 1117 1
2303 1087 2483 1120 verum
2502 1080 2588 1132 est,

515 1138 671 1184 irasci
701 1150 789 1184 nos
828 1136 1067 1190 laesuris;
1106 1136 1192 1182 sed
1221 1137 1334 1196 ipsa
1366 1134 1747 1195 cogitatione
1778 1150 1867 1182 nos
1902 1136 2106 1183 laedunt
2136 1141 2186 1182 et
2218 1137 2477 1184 iniuriam
2507 1139 2593 1198 qui

506 1201 740 1264 facturus
762 1206 835 1247 est
857 1200 960 1246 iam
971 1199 1124 1260 facit.
1188 1196 1259 1246 id.
1281 1198 1398 1246 ben.
1420 1213 1453 1246 v
1474 1199 1536 1246 14
1558 1202 1584 1259 ς
1607 1201 1636 1246 2
1660 1206 1913 1247 exercetur
1933 1205 1981 1247 et
2001 1200 2228 1260 aperitur
2250 1214 2400 1260 opere
2421 1204 2593 1262 nequi-

518 1265 609 1320 tia,
652 1279 752 1312 non
791 1264 987 1323 incipit.
1057 1261 1129 1309 id.
1165 1266 1325 1312 const.
1372 1277 1479 1323 sap.
1522 1265 1550 1313 7
1592 1265 1619 1323 g
1654 1263 1688 1311 4
1725 1264 1891 1311 omnia
1934 1264 2167 1310 scelera
2209 1263 2407 1311 etiam
2453 1267 2593 1312 ante

515 1329 811 1375 effectum
834 1323 1056 1386 operia,
1079 1332 1318 1387 quantum
1338 1330 1511 1388 culpae
1542 1329 1667 1375 satis
1701 1334 1786 1384 est,
1820 1326 2088 1387 perfecta
2118 1334 2251 1374 sunt.
2281 1326 2291 1392 Ι
2322 1327 2440 1375 ΑΘΙᾹ
2463 1344 2513 1376 v.
2535 1329 2587 1377 h.

514 1404 601 1439 xlv
622 1393 684 1439 28
716 1394 769 1439 οὐ
797 1390 897 1453 γάρ
926 1392 1067 1449 μόνον
1099 1390 1125 1438 ὸ
1157 1387 1383 1449 ἀδικήσας
1418 1392 1603 1452 κακός,
1642 1393 1773 1439 ἀλλὰ
1804 1393 1883 1439 καὶ
1917 1391 1943 1439 ὸ
1976 1393 2251 1450 ἐννοήσας
2287 1393 2590 1452 ἀδικῆσαι.

516 1455 645 1503 Gen.
662 1468 716 1503 11
738 1457 769 1502 8
792 1456 816 1514 ξ
837 1456 899 1501 23
912 1456 1111 1516 furtum
1130 1456 1238 1502 sine
1259 1457 1370 1502 ulla
1392 1470 1579 1516 quoque
1601 1455 1959 1504 adtrectatione
1968 1456 2092 1516 fieri
2106 1470 2265 1516 posse,
2293 1458 2409 1504 sola
2432 1465 2591 1505 mente

514 1526 663 1579 atque
684 1520 865 1577 animo,
890 1523 949 1564 ut
970 1518 1170 1579 furtum
1189 1519 1307 1580 fiat,
1344 1521 1619 1567 adnitente.
1685 1517 1901 1566 Cicero’s
1934 1518 2201 1566 freedman
2234 1518 2359 1566 Tiro
2384 1520 2594 1568 blamed

514 1583 642 1630 Cato
662 1581 742 1629 for
762 1580 985 1642 denying
1005 1580 1112 1628 this
1134 1581 1358 1642 position
1380 1582 1449 1631 ib.
1466 1597 1659 1630 V1=v11
1679 1584 1710 1631 3
1731 1586 1785 1643 ἐς
1805 1582 2013 1632 35-37,
2034 1583 2112 1633 42.
2136 1584 2218 1632 47.
2285 1583 2446 1644 Apul.
2469 1585 2582 1634 flor.

515 1660 567 1696 ιν
589 1648 652 1694 20
676 1648 742 1707 (p.
772 1647 836 1695 98
858 1644 988 1693 Oud.
1012 1644 1137 1692 with
1160 1644 1248 1694 the
1279 1650 1449 1709 notes)
1483 1649 1636 1695 etiam
1667 1646 1936 1706 cogitata.
1967 1648 2203 1695 scelera
2233 1661 2336 1696 non
2357 1650 2592 1711 perfecta

514 1712 678 1759 adhuc
722 1708 1136 1770 vindicantur,
1175 1718 1381 1759 cruenta
1412 1720 1582 1770 mente,
1614 1709 1750 1773 'pura
1780 1726 1947 1760 manu.
2016 1711 2154 1761 Serv.
2202 1711 2336 1760 Aen.
2374 1726 2433 1759 VI
2477 1713 2590 1761 624.

512 1773 737 1822 Dorville
768 1788 837 1822 on
870 1771 1067 1821 ΟΜΝ
1089 1776 1117 1824 7
1140 1787 1192 1834 p.
1217 1776 1310 1824 487
1344 1773 1488 1835 Lips.
1555 1774 1806 1823 Wetstein
1840 1789 1909 1822 on
1941 1775 2089 1823 Matt.
2115 1789 2147 1822 v
2167 1776 2215 1823 8.
2249 1777 2331 1823 28.
2400 1775 2469 1823 In
2495 1778 2592 1824 law

512 1835 743 1887 however
763 1838 864 1898 dig.
888 1849 1050 1884 nvm
1075 1837 1135 1886 19
1159 1839 1221 1885 18
1243 1840 1559 1899 coqitationis
1574 1854 1783 1901 poenam
1801 1853 1938 1887 nemo
1960 1839 2172 1900 patitur*
2187 1839 2291 1899 (yet
2316 1839 2403 1887 see
2427 1840 2496 1890 ib.
2530 1840 2590 1888 16

513 1907 540 1963 ἓ
579 1905 626 1951 8.
688 1901 797 1950 cod.
823 1900 1012 1951 Theod.
1040 1914 1095 1948 11
1131 1901 1193 1950 26
1230 1904 1259 1949 1
1297 1917 1408 1950 cum
1436 1905 1558 1964 pari
1595 1910 1723 1951 sorte
1762 1905 1889 1964 leyes
1925 1905 2082 1951 scelus
2127 1917 2277 1965 quam
2320 1904 2590 1952 sceleris

505 1967 728 2030 puniant
747 1966 1169 2027 voluntatem).
1924 1980 2114 2015 θοι-ωε
2145 1971 2359 2014 cocina·
2395 1983 2468 2015 on
2500 1968 2592 2017 the
2693 1967 2694 1974 ’

513 2032 860 2079 construction
883 2030 948 2077 ci.
978 2029 1124 2076 Beier
1147 2044 1214 2078 on
1238 2028 1341 2078 Cic.
1365 2030 1450 2078 off.
1476 2044 1497 2077 1
1519 2032 1544 2091 g
1567 2028 1645 2079 24.
1716 2029 1825 2078 The
1848 2030 2120 2079 deliberate
2142 2045 2366 2092 purpose
2390 2046 2425 2080 a
2446 2035 2592 2080 main

512 2099 628 2157 part
659 2095 711 2143 oi
744 2095 834 2143 the
865 2092 995 2153 guilt
1027 2094 1134 2141 also
1167 2094 1224 2141 in
1258 2094 1361 2142 Cic.
1398 2095 1482 2142 off.
1518 2110 1539 2142 1
1574 2097 1600 2154 ἓ
1638 2095 1700 2145 27
1739 2098 1797 2143 in
1833 2097 1966 2143 omni
1994 2096 2253 2143 iniustitia
2280 2098 2592 2156 permultum

512 2165 717 2208 interest
749 2166 915 2207 utrum
937 2160 1311 2218 perturbatione
1346 2161 1522 2219 aliqua
1556 2160 1732 2216 animi,
1764 2174 1890 2220 quae
1913 2161 2199 2221 plerumque
2234 2160 2400 2207 brevis¹
2433 2169 2508 2209 est
2542 2169 2591 2209 et

513 2225 584 2271 ad
607 2232 806 2284 tempus,
835 2237 904 2270 an
924 2224 1142 2269 consulto
1166 2229 1215 2270 et
1237 2223 1619 2285 cogitatafiat
1640 2225 1854 2271 iniuria.
2581 2225 2590 2232 ‘

514 2301 670 2335 mmm
691 2301 750 2335 sn
782 2288 914 2334 lexx.
948 2285 1073 2333 Aen.
1108 2299 1130 2333 1
1161 2286 1256 2334 455
1291 2289 1388 2335 456
1419 2289 1759 2350 artificumque
1788 2300 1959 2335 manus
1992 2284 2163 2333 intra
2194 2299 2256 2333 se
2289 2302 2590 2350 operumque

515 2350 728 2400 laborem
753 2350 762 2414 Ι
789 2350 1019 2399 miratur.
2061 2350 2171 2406 210
2205 2364 2353 2399 nen
2384 2366 2589 2401 cnmssx
2691 2397 2692 2408 ,

512 2413 683 2462 mm:
705 2415 854 2476 Prop.
878 2428 1056 2461 111=11
1077 2414 1139 2462 32
1164 2412 1191 2461 1
1217 2413 1247 2461 2
1271 2416 1360 2476 qui
1381 2415 1536 2472 videt,
1559 2414 1604 2462 is
1617 2417 1795 2476 peccat
1811 2432 1828 2463 .·
1863 2414 1949 2475 q'ui
1987 2420 2031 2462 te
2063 2429 2164 2463 non
2184 2416 2375 2464 viderit
2403 2421 2525 2477 'erqo
2554 2418 2565 2481 1

513 2494 612 2527 non
636 2479 843 2539 cupiet:
879 2478 1033 2527 facti
1063 2478 1299 2526 lumina
1331 2479 1563 2527 crimen
1597 2478 1800 2530 habet.
1873 2483 1962 2528 Ov,
1996 2492 2153 2528 amor.
2192 2492 2238 2526 11
2270 2481 2300 2527 5
2338 2479 2384 2528 6.
2424 2494 2473 2528 e..
2499 2496 2545 2528 a.
2571 2494 2590 2528 1

513 2542 624 2591 586.
696 2556 739 2588 11
760 2543 873 2590 272.
898 2542 1008 2591 634.
1029 2556 1155 2591 rem.
1184 2543 1279 2590 328
1300 2545 1397 2593 cet.
2289 2557 2443 2600 cuno,
2469 2559 2518 2591 s1
2539 2558 2589 2591 vt

514 2603 711 2666 §oe—5
746 2606 1122 2655 Andromachen
1153 2622 1188 2655 a
1211 2607 1382 2669 fronte
1415 2606 1636 2664 videbi-33
1679 2603 1690 2672 Ι
1729 2613 1843 2668 post
1868 2608 2029 2655 minor
2062 2609 2161 2655 est:
2197 2609 2374 2655 credas
2408 2610 2586 2656 aliam.

515 2668 660 2717 cedo
699 2667 752 2716 ei
797 2671 932 2719 breve
958 2668 1148 2756 parvi]
1175 2673 1356 2718 sortita
1389 2678 1459 2718 est
1494 2673 1665 2718 lateris
1696 2673 1954 2732 spatium?
2022 2670 2133 2720 Ter.
2172 2669 2336 2718 Andr.
2373 2672 2473 2720 150
2505 2674 2589 2734 qui

514 2733 692 2782 cedo?
732 2732 870 2782 ‘how
891 2749 948 2783 so
968 2739 1122 2796 pray?
1179 2736 1292 2785 383.
1370 2733 1547 2783 ‘Wh'at
1577 2734 1620 2782 it
1651 2734 1717 2782 he
1749 2734 1879 2782 have
1902 2734 2097 2782 carried
2129 2736 2220 2781 out
2241 2735 2327 2782 his
2352 2734 2588 2796 desigu?’

520 2798 525 2804 ’
1552 2799 1657 2854 211
1679 2812 1944 2846 mmmm
1964 2812 2209 2845 Annuus
2236 2798 2358 2848 Sen.
2384 2801 2466 2860 e'p.
2499 2800 2587 2848 105

514 2863 566 2922 ἐξ
587 2861 617 2913 7
640 2861 688 2911 8.
756 2860 969 2923 Quintil.
993 2877 1071 2910 111
1094 2861 1122 2910 1
1145 2866 1171 2924 ἕ
1195 2863 1223 2913 7
1245 2862 1381 2910 nihil
1402 2867 1474 2910 est
1498 2865 1626 2910 enim
1661 2869 1762 2910 tam
1793 2869 2092 2924 occupatum,
2134 2869 2234 2910 tam
2266 2865 2588 2925 multiforme,

515 2934 587 2974 tot
608 2942 667 2975 ac
692 2934 795 2974 tam
824 2929 985 2974 variis
1016 2928 1294 2990 adfectibus
1329 2925 1575 2974 concisum
1605 2934 1748 2988 atque
1784 2928 2056 2974 laceratum
2088 2941 2237 2987 quam
2267 2929 2411 2976 mala
2443 2944 2587 2976 mens.

514 3006 629 3039 nam
650 2998 699 3039 et
720 2992 1141 3048 cum'insidiatur,
1165 3006 1266 3052 spe,
1289 2992 1441 3048 curis,
1461 2992 1625 3038 labore
1643 2991 2065 3050 distrinqitur,'et‚
2088 2991 2240 3037 etiam
2256 3005 2370 3038 cum
2390 2993 2586 3040 sceleris

514 3070 706 3116 compos
718 3055 899 3118 suerit,
925 3056 1282 3112 sollicitudine,
1308 3055 1642 3115 paenitentia,
1669 3068 1942 3115 poenarum
1974 3056 2188 3102 omnium
2219 3059 2586 3116 exspectatione

517 3127 786 3181 torquetur.
1238 3132 1340 3167 msc
1363 3133 1407 3165 11
1431 3120 1541 3169 152.
1609 3131 1666 3166 11
1686 3119 1766 3167 49.
2216 3118 2328 3174 212
2353 3133 2586 3167 memus

513 3187 675 3243 μύλαι.
698 3185 893 3241 μυλῖται
916 3177 1112 3233 ὀδόντες.
2195 3182 2306 3240 213
2340 3196 2587 3231 ntrncm

515 3245 806 3295 censensu:
831 3260 945 3294 0130
971 3248 1061 3295 Ov.
1085 3247 1193 3295 her.
1218 3246 1274 3294 15
1307 3246 1402 3294 122
1423 3244 1649 3294 crescit
1673 3253 1720 3294 et
1751 3246 1912 3294 invito
1945 3244 2155 3294 lentus
2189 3248 2248 3294 in
2279 3261 2365 3295 ore
2400 3247 2584 3295 cibuS.

518 3312 637 3361 Sen.
660 3325 740 3371 ep.
764 3312 826 3358 82
849 3313 874 3370 g
895 3312 955 3357 21
979 3325 1101 3358 non
1122 3311 1187 3358 in
1209 3325 1309 3359 ore
1342 3311 1537 3358 crevit
1569 3310 1758 3367 efflue,
1793 3325 1893 3359 non
1926 3311 2087 3358 haesit
2121 3312 2180 3358 in
2202 3310 2469 3372 saucibus,
2496 3326 2589 3359 non

515 3377 709 3437 elapsus
732 3381 804 3423 est
824 3377 1078 3425 manibus.-
1103 3377 1292 3424 alacres
1315 3375 1364 3422 et
1387 3376 1455 3422 ad
1469 3376 1742 3436 prandium
1764 3375 1846 3422 illi
1862 3375 2194 3436 promiserunt
2209 3380 2257 3421 et
2280 3375 2352 3422 ad
2366 3389 2555 3424 cenam.

1272 3452 1456 3489 sumu
1476 3453 1506 3486 v
1528 3440 1592 3486 34
1614 3453 1666 3490 n.
1736 3453 1770 3486 x
1792 3439 1852 3487 27
1876 3452 1930 3487 n.
1956 3438 2088 3498 plur.
2117 3451 2174 3485 as
2196 3436 2392 3486 Tibuu.
2419 3454 2486 3486 111
2507 3439 2536 3487 6
2557 3437 2584 3486 6

514 3502 797 3552 Falerna.
1602 3505 1606 3510 '
1741 3501 1852 3559 214
1883 3516 2070 3549 unum
2091 3514 2314 3549 vmnms
2336 3515 2585 3550 pannem

517 3580 772 3615 sument-us
796 3579 848 3614 Π
869 3567 930 3615 81
945 3581 997 3616 n.
1021 3561 1224 3629 Crispi
1245 3564 1513 3615 iucunda
1536 3567 1840 3614 senectae.
1884 3565 2006 3613 Jani
2021 3568 2114 3614 art.
2174 3567 2273 3612 oet.
2288 3566 2389 3616 329
2410 3566 2584 3630 (where

516 3630 730 3679 Phaedr.
755 3632 873 3679 colli
908 3633 1273 3692 lonyitudinem.
1333 3632 1467 3679 corvi
1500 3638 1689 3693 stupor.
1742 3632 1975 3678 maiestas
2003 3579 2179 3740 ducis}
2215 3630 2329 3679 475.
2406 3644 2582 3677 comm.

515 3709 585 3740 on
606 3694 819 3742 Phaedr.
844 3708 865 3741 1
890 3696 949 3741 13
973 3696 1051 3741 12.
1117 3694 1342 3742 Lambin
1375 3699 1443 3742 o'n
1473 3694 1600 3743 Hor.
1625 3709 1667 3744 c.
1692 3708 1756 3742 111
1788 3696 1818 3742 5
1844 3695 1919 3743 13.
1986 3693 2124 3741 Hein
2160 3692 2239 3740 ori
2276 3707 2341 3741 on
2379 3692 2512 3744 Hor.
2544 3708 2582 3743 ε.

514 3772 536 3806 1
560 3758 590 3804 2
613 3759 693 3805 32.
758 3756 922 3806 Barth
946 3757 1139 3808 advers,
1167 3760 1233 3806 52
1254 3760 1297 3808 3.
1430 3761 1434 3766 '
1861 3770 2047 3806 anmi
2071 3771 2103 3806 v
2125 3758 2187 3804 33
2211 3771 2263 3804 n.

706 3833 964 3868 annuemus
985 3835 1014 3868 v
1036 3823 1099 3870 30
1121 3835 1174 3869 n.
1208 3822 1270 3870 31
1295 3837 1345 3872 n.
1387 3822 1468 3872 34.
1986 3823 1990 3828 “
2188 3820 2299 3880 215
2334 3834 2586 3873 σεῖε-κως
