2725 4317
141 288 464 351 aaz—soe]
720 287 975 342 num
1018 288 1304 344 marus.
1371 287 1714 344 romum.
2119 295 2146 346 1
2165 289 2258 365 79

147 439 193 472 e.
216 426 267 478 9.
298 423 522 472 Brandis
556 423 813 486 ‘Assyria’
845 425 905 474 in
933 425 1098 488 Pauly
1131 424 1189 487 1²,
1228 425 1332 474 and
1364 425 1572 488 Georgii
1605 429 1702 478 art.
1729 426 2128 485 snrd.,ib.-with
2159 427 2256 482 the

148 487 458 539 authorities
478 488 629 540 eited.
704 489 921 540 Modern
949 491 1147 538 writers
1169 489 1313 552 place
1333 489 1448 538 him
1469 495 1545 552 (or
1566 490 1729 550 them,
1748 493 1828 541 for
1849 507 1994 543 some
2015 492 2168 542 make
2189 507 2253 547 aa

146 567 307 614 many
322 567 382 600 as
404 554 522 601 tour
540 553 594 601 oi
606 552 705 610 ‘the
726 553 899 618 name)
914 557 969 604 at
987 553 1133 604 dates
1154 555 1370 616 varying
1391 555 1526 604 from
1548 554 1639 604 the
1663 555 1787 608 loth
1807 559 1864 605 to
1881 557 1972 606 the
1996 556 2088 608 ‘lth
2107 561 2246 610 cent.

146 631 249 667 nc.
320 617 388 665 In
409 617 642 666 classical
664 618 922 680 antiquity
938 619 1005 668 he
1020 619 1067 668 is
1089 619 1180 668 the
1200 619 1394 681 typioal
1414 619 1737 682 voluptuary,
1761 620 1865 670 and
1888 620 1978 669 the
1999 621 2100 681 last
2123 621 2258 683 king

146 682 199 730 of
228 681 457 744 Assyria.
528 682 769 732 Moderns
804 682 887 743 (Ο.
911 682 1113 742 Muner,
1152 684 1354 732 Movers
1389 685 1507 745 ete.)
1543 683 1655 732 find
1687 685 1744 734 in
1775 684 1889 734 him
1921 685 2013 736 the
2045 685 2242 740 Asiatic

148 747 421 796 Hercules.
486 746 567 797 W.
588 747 645 795 G.
662 748 959 810 Koopmans
982 749 1046 798 de
1071 747 1213 800 Sard.
1242 748 1410 797 Amst.
1436 750 1578 800 1819.

408 813 522 870 363
557 826 795 861 uox-terso
822 827 910 861 xrv
942 814 1055 862 256.
1125 813 1420 862 Gronovius
1443 828 1512 862 on
1531 815 1648 865 Sen.
1679 815 1744 864 de
1765 815 1879 866 ben.
1905 829 1958 866 tv
1979 817 2043 865 28
2077 815 2244 868 shows

142 875 265 926 that
285 875 379 925 the
400 875 540 926 word
558 876 606 925 is
629 877 936 939 technically
960 878 1088 926 used
1110 877 1165 926 oi
1186 876 1502 940 physieians'
1525 879 1906 942 prescriptione.

710 956 847 997 Quoi>
869 956 983 992 11>s1=
1008 957 1117 991 ’ΠΜ
1140 955 1311 991 ross1s
1334 957 1467 992 nm
1501 943 1607 994 Cic.
1635 959 1689 993 n.
1715 944 1763 996 d.
1794 959 1860 993 111
1882 949 1935 1006 55
1957 946 2120 996 86—8
2155 947 2244 997 hoc

141 1008 351 1070 quidem
383 1022 544 1056 omnes
576 1009 806 1056 mortales
836 1009 909 1056 sic
944 1009 1140 1067 habent,
1168 1015 1390 1057 ater-nas
1426 1011 1808 1068 commoditates,
1830 1013 2021 1068 vineta,
2043 1019 2243 1072 θερείου,

139 1075 350 1130 oliveta,
374 1074 647 1120 ubertatem
656 1073 869 1134 sruyum
888 1080 938 1120 et
950 1073 1226 1134 smctuum,
1255 1087 1444 1122 omnem
1466 1075 1678 1136 denique
1701 1077 2090 1124 commoditatem
2104 1091 2244 1138 pros-

132 1139 504 1199 peritatemque
526 1139 663 1185 vitae
684 1153 720 1185 a
741 1138 820 1184 dis
840 1153 889 1185 ee
915 1137 1125 1194 habere;
1160 1136 1462 1186 virtutem
1498 1141 1704 1186 autem
1739 1153 1915 1187 nemo
1954 1154 2244 1202 umquam

141 1203 465 1262 acceptam
503 1200 615 1249 deo
650 1201 919 1251 rettulit.
986 1204 1223 1250 nimirum
1256 1209 1420 1259 recte,·
1455 1211 1664 1265 propter
1698 1205 1933 1252 virtutem
1967 1206 2099 1253 enim
2134 1207 2245 1254 iure

141 1266 419 1316 laudamur
438 1272 488 1313 et
507 1268 566 1315 in
584 1268 772 1316 virtute
794 1275 925 1316 recte
946 1269 1221 1328 yloriamur
1236 1284 1253 1316 .-
1290 1268 1424 1329 quod
1455 1283 1554 1316 mm
1575 1270 1896 1329 continyeret,
1919 1271 1964 1317 si
1987 1270 2044 1317 id
2066 1270 2248 1319 donum

138 1349 173 1380 a
208 1333 319 1392 deo,
369 1346 469 1380 mn
499 1346 536 1379 a
564 1333 704 1380 uobis
736 1332 1019 1381 haberemus
1025 1371 1142 1383 ......
1149 1333 1396 1380 iudicium
1443 1334 1532 1381 hoc
1581 1335 1798 1382 omnium
1836 1335 2122 1385 mortalium
2153 1342 2242 1394 est,

138 1399 472 1445 fortunam
504 1411 537 1444 a
568 1395 680 1444 deo
712 1396 1057 1458 petendam,
1094 1411 1125 1446 a
1158 1411 1219 1444 se
1256 1397 1394 1458 ipso
1434 1398 1794 1446 sumendam
1829 1413 1966 1446 esse
2001 1397 2246 1459 sapien-

136 1461 314 1511 tiam.
389 1459 457 1510 id.
488 1461 599 1510 Cat.
623 1461 746 1510 mai.
769 1465 797 1522 5
818 1461 867 1512 4.
933 1461 1063 1510 Hor.
1088 1476 1165 1523 ep.
1196 1475 1217 1508 1
1241 1463 1301 1510 18
1327 1461 1518 1511 111-2
1539 1464 1627 1512 sed
1647 1465 1771 1511 satis
1799 1471 1872 1512 est
1894 1478 2034 1511 orare
2059 1465 2245 1521 Iovem,

138 1541 273 1590 quae
290 1527 441 1588 poni-t
458 1530 506 1572 et
523 1528 705 1588 aufert,
733 1527 742 1592 Ι
773 1528 856 1574 det
887 1529 1059 1587 vitam,
1088 1528 1171 1575 det
1207 1541 1352 1588 open
1389 1541 1650 1588 aequum
1688 1526 1772 1577 mi
1810 1527 2082 1576 animum
2113 1527 2248 1589 ipse

138 1591 395 1653 parabo,
463 1591 634 1638 Obbar
654 1591 723 1641 ib.
753 1592 880 1640 cites
902 1605 1061 1652 many
1082 1591 1339 1652 paralisis,
1409 1592 1474 1640 ef.
1518 1592 1607 1640 the
1630 1591 1936 1640 distinction
1968 1593 2024 1640 in
2058 1591 2254 1654 Epikt..

138 1671 285 1712 man.
314 1656 343 1704 1
369 1655 598 1704 between
618 1655 708 1704 the
729 1655 905 1717 things
927 1654 1095 1704 which
1128 1669 1216 1704 are
1250 1655 1353 1704 and
1387 1656 1476 1705 the
1508 1655 1686 1718 things
1719 1656 1888 1705 which
1923 1671 2008 1706 are
2040 1660 2134 1706 not
2166 1656 2246 1720 ,ἐφ’

140 1723 273 1781 ἡμῖν.
346 1720 399 1768 It
434 1719 480 1768 is
514 1719 606 1769 the
644 1720 782 1770 Stoic
818 1723 1073 1782 αὐτάρκεια
1104 1719 1223 1770 Seu.
1258 1735 1339 1782 ep.
1369 1723 1550 1782 9519.
1605 1719 1670 1772 27
1703 1725 1729 1782 5
1763 1723 1792 1768 3
1827 1723 2036 1784 aliquod
2065 1725 2239 1784 potius

72 1789 77 1794 “
139 1789 326 1834 bonum
346 1801 632 1834 mamurum
652 1787 984 1850 circumspice.
1030 1784 1272 1834 nullum
1295 1788 1501 1834 autem
1523 1789 1633 1844 est,
1657 1785 1784 1834 nisi
1808 1786 1969 1848 quod
1992 1785 2239 1835 animus

137 1865 212 1898 ex
256 1863 319 1898 se
358 1850 481 1898 sibi
514 1849 778 1899 invenit.
849 1852 911 1898 31
935 1854 961 1912 5
983 1851 1014 1898 3
1036 1865 1191 1899 unum
1224 1851 1403 1900 bonum
1430 1857 1502 1899 est
1507 1890 1624 1902 ......
1631 1850 1754 1899 sibi
1788 1850 2003 1900 fidere.
2075 1852 2187 1911 415
2217 1852 2244 1903 l

137 1916 371 1963 bonam
415 1916 705 1975 mentem,
744 1929 922 1977 quam
962 1915 1227 1964 stultum
1266 1917 1365 1964 est
1403 1917 1635 1976 optare,
1681 1929 1814 1963 cum
1857 1915 2065 1976 possis
2110 1929 2142 1964 a
2185 1918 2247 1964 te

136 1981 483 2041 inpetrare.
556 1982 620 2028 80
640 1984 694 2041 55
717 1981 862 2028 3—5.
928 1980 1153 2030 Lasaulx
1186 1979 1406 2030 Studien
1440 1979 1534 2028 146
1567 1979 1694 2028 adds
1726 1979 1888 2029 Isokr,
1929 1979 1994 2028 ad
2026 1980 2241 2030 Demon.

138 2047 165 2104 5
191 2045 279 2093 34.
350 2044 465 2094 Liv.
494 2059 668 2092 mvn
689 2046 753 2093 45
776 2049 803 2106 5
827 2045 919 2106 113
950 2045 1047 2093 but
1080 2045 1192 2093 also
1224 2058 1470 2106 passages
1501 2044 1635 2092 from
1667 2043 1809 2104 Bias,
1843 2040 2054 2102 Pindar‚
2082 2044 2244 2093 Simo-

138 2108 315 2166 nides,
356 2109 724 2168 Kallimachos,
768 2108 936 2158 which
986 2123 1133 2171 agree
1166 2107 1294 2158 with
1334 2108 1598 2158 Christian
1634 2108 1885 2172 principle
1922 2109 1951 2155 1
1983 2108 2096 2158 Cor.
2127 2109 2164 2159 ,4
2197 2109 2244 2160 7.

138 2172 426 2223 Markland
447 2173 573 2222 cites
595 2175 653 2223 in
674 2177 905 2223 eontrast
926 2176 957 2222 2
982 2175 1093 2224 Cor.
1123 2176 1155 2223 3
1177 2175 1225 2225 5.
1282 2173 1418 2222 Phil.
1443 2175 1474 2222 2
1499 2175 1576 2224 13.
2061 2171 2066 2180 '

140 2253 341 2288 sumu
362 2239 603 2301 properly
624 2254 655 2288 a
675 2253 874 2288 narrow
896 2239 1039 2288 track
1061 2238 1279 2288 Phaedr.
1304 2253 1374 2286 111
1395 2239 1524 2300 prol.
1548 2240 1612 2287 38
1635 2253 1721 2298 eqo
1743 2239 1887 2286 illius
1907 2253 1998 2300 pro
2021 2239 2244 2294 semita

129 2305 248 2367 feci
281 2305 437 2352 viam.
503 2303 661 2352 Mart.
682 2319 762 2352 vn
783 2304 845 2353 61
869 2305 901 2352 4
934 2311 983 2352 et
1016 2307 1155 2352 modo
1194 2319 1321 2366 quae
1348 2305 1526 2366 suerat
1565 2302 1804 2361 semita,
1835 2304 1980 2364 sacta
2015 2303 2116 2352 via
2154 2311 2247 2356 est.

139 2369 308 2418 Oiten
343 2368 471 2417 used
502 2368 925 2430 metaphorically
959 2369 1085 2418 Hor.
1126 2383 1205 2430 ep.
1241 2382 1262 2416 1
1297 2370 1359 2416 18
1397 2369 1492 2416 103
1518 2369 1758 2436 fallentis
1797 2367 2020 2428 semita
2057 2368 2238 2420 vitae.

139 2433 324 2482 Obbar
346 2447 415 2481 on
439 2433 561 2484 Hor.
586 2433 654 2484 ib.
680 2434 742 2486 17
766 2435 845 2484 26.
883 2434 977 2483 Sil..
996 2449 1064 2482 xv
1087 2435 1194 2482 102.

246 2498 363 2557 365
399 2499 510 2556 366
544 2498 635 2546 the
658 2513 799 2547 same
821 2513 991 2548 verses
1012 2513 1101 2547 xrv
1123 2500 1217 2547 315
1240 2497 1337 2548 316
1360 2513 1416 2550 n.
2032 2554 2037 2559 ,

138 2576 375 2613 nonnum
401 2577 589 2612 numm
614 2577 780 2612 mus
808 2563 901 2612 Ov,
924 2564 961 2612 f.
984 2577 1037 2610 v1
1060 2564 1154 2611 241
1190 2565 1331 2612 Mem
1355 2579 1546 2626 quoque
1573 2578 1798 2614 numen
1825 2563 2028 2613 habet.
2085 2579 2259 2626 amor„

140 2644 211 2677 111
237 2631 269 2679 9
295 2629 361 2677 18
381 2635 499 2676 sunt
519 2631 687 2685 etiam,
712 2629 801 2690 qui
823 2643 909 2677 nos
936 2629 1121 2692 (poete)
1158 2642 1383 2676 numen
1416 2628 1640 2678 habere
1667 2636 1866 2692 putent.
1934 2629 2102 2692 [Sem]
2137 2631 2244 2678 Oct.

138 2695 244 2744 933
286 2692 530 2740 nullum
560 2694 729 2755 pietas
762 2708 893 2742 nunc
926 2707 1153 2741 numen
1190 2692 1393 2747 habet.
1465 2693 1619 2742 Mart.
1641 2707 1742 2742 vm
1766 2696 1830 2743 80
1853 2694 1883 2742 6
1916 2701 1964 2742 et
1997 2709 2115 2742 casa
2149 2701 2250 2742 tam

139 2761 285 2809 culto
307 2758 398 2806 sub
419 2759 537 2806 Iove
560 2771 782 2806 numen
804 2757 1005 2807 habet.
1693 2773 1875 2815 niens,
1903 2772 1950 2806 s1
1975 2773 2056 2806 sn·
2079 2759 2175 2807 339
2193 2772 2247 2805 n.

156 2839 161 2845 ·
798 2837 801 2844 ·
857 2839 861 2845 ·
1058 2837 1353 2872 mmmmm
1389 2823 1506 2874 Sen.
1535 2839 1612 2885 sp.
1637 2825 1698 2872 85
1723 2837 1764 2874 e.
1786 2838 1834 2884 g,
1859 2827 1885 2883 5
1908 2825 1938 2870 2
1977 2822 2251 2884 prudens

140 2892 323 2938 beatus
348 2895 421 2938 est
443 2894 490 2936 et
511 2887 843 2949 prudentia
865 2889 934 2936 ad
956 2890 1149 2942 beatam
1168 2891 1326 2937 vitam
1346 2890 1471 2937 satis
1493 2897 1578 2938 est.
1636 2892 1689 2949 55
1712 2889 1885 2937 36—8.

177 2992 184 2997 .
565 2955 677 3011 366
712 2967 813 3001 1111
837 2956 899 3002 18
916 2968 969 3002 n.
993 2955 1071 3004 20.
1144 2953 1336 3002 Preller
1356 2956 1488 3001 rem.
1513 2951 1701 3014 Myth.1
1726 2952 1968 3000 552-64.
2019 2951 2242 3001 Philem.

138 3020 203 3068 in
241 3018 405 3067 Clem.
434 3017 516 3065 Al.
540 3021 630 3070 str.
660 3022 739 3080 v5
763 3019 857 3067 129
892 3017 977 3067 οὐκ
1009 3021 1142 3067 ἔστιν
1172 3019 1283 3078 ἡμῖν
1314 3021 1506 3079 οὐδεμία
1539 3021 1667 3079 τύχη
1699 3019 1813 3066 θεός.
1886 3017 2004 3065 Sen.
2029 3031 2083 3064 n.
2109 3030 2158 3076 q.
2184 3029 2250 3063 111

139 3099 225 3146 pr.
252 3085 307 3142 55
332 3082 539 3131 11—15.
600 3097 677 3145 ep.
706 3085 787 3134 74.
823 3084 887 3132 98
910 3097 1015 3143 ag.
1040 3087 1066 3145 5
1090 3085 1120 3130 2
1155 3090 1324 3132 errant
1327 3117 1466 3140 .......
1475 3085 1563 3144 qui
1601 3089 1690 3130 aut
1726 3083 1840 3130 boni
1879 3083 2080 3142 aliquid
2108 3081 2252 3128 ‘nobis

140 3156 240 3197 aut
274 3150 401 3196 mati
437 3149 669 3196 iudicant
706 3149 915 3196 tribuere
944 3150 1219 3211 fortunam.
1290 3146 1353 3196 de
1386 3162 1526 3209 prov,
1555 3148 1585 3196 6
1606 3151 1632 3209 5
1657 3146 1702 3196 6.
1771 3146 1833 3194 de
1856 3148 2018 3194 const.
2051 3158 2160 3205 sap.
2189 3145 2248 3192 15

140 3218 169 3275 5
194 3215 227 3261 3
250 3214 418 3262 vincit
448 3228 534 3262 nos
559 3214 788 3275 fortuna,
821 3215 924 3260 nisi
960 3219 1064 3261 tota
1095 3215 1335 3262 vincitur.
1401 3211 1466 3260 ef.
1490 3211 1708 3260 Haase‘s
1734 3210 1841 3259 ind.
1867 3224 1908 3258 s.
1931 3225 1980 3258 v,
2009 3211 2247 3272 fortuna.

140 3277 289 3332 Plin.
330 3291 376 3324 11
414 3279 441 3338 5
488 3279 549 3326 22
604 3277 846 3326 invenit
854 3317 969 3327 ......
978 3277 1096 3325 sibi
1151 3277 1287 3338 ipsa
1346 3275 1704 3325 mortalitas
1759 3288 1985 3323 numen
1993 3313 2109 3322 ......
2117 3275 2250 3320 toto

140 3343 380 3404 quippe
424 3342 648 3390 mundo
694 3345 751 3390 et
795 3342 1080 3390 omnibus
1119 3341 1273 3390 locis
1311 3341 1720 3402 omnibusque
1763 3339 1940 3388 horis
1979 3336 2250 3386 omnium.

138 3407 411 3458 vocibus
489 3406 763 3456 Fortuna
822 3407 954 3456 sola
1014 3406 1342 3455 invocatur
1400 3420 1465 3454 ac
1525 3403 1883 3453 nominatur
1887 3438 2024 3461 .......
2031 3403 2248 3463 adeoque

139 3473 392 3522 obnoxiae
436 3487 599 3520 sumus
633 3474 795 3532 sortis,
840 3475 905 3519 ut
944 3485 1074 3519 sors
1112 3471 1248 3533 ipsa
1283 3484 1394 3532 pro
1431 3469 1544 3519 deo
1579 3468 1680 3526 sit,
1721 3484 1822 3531 qua
1859 3468 1978 3515 deus
2007 3467 2252 3530 probatur

140 3541 390 3588 incertus.
455 3537 602 3586 Lact.
632 3551 698 3584 111
721 3538 784 3586 29
807 3540 833 3598 5
859 3538 887 3584 1
910 3535 1164 3585 fortuna
1188 3551 1325 3596 ergo
1347 3549 1455 3596 per
1477 3549 1539 3583 se
1561 3533 1725 3582 nihil
1753 3535 1863 3582 est.
1930 3535 1956 3593 5
1981 3534 2010 3583 7
2033 3533 2078 3579 is
2099 3533 2250 3596 plane

139 3603 291 3664 vulqi
330 3608 380 3650 et
414 3603 754 3663 imperitorum
789 3603 1105 3664 opinionibus
1138 3601 1316 3658 credit,
1350 3601 1439 3661 qui
1467 3599 1804 3647 Fortunam
1838 3597 2064 3658 putant
2101 3609 2246 3656 esse,

139 3681 305 3729 quae
338 3665 695 3715 hominibus
730 3665 969 3714 tribuat
1001 3666 1160 3714 bona
1196 3669 1254 3714 et
1293 3665 1468 3714 mala.
1534 3679 1650 3714 nam
1673 3664 1991 3711 simulacrum
2012 3663 2119 3710 eius
2143 3675 2255 3710 cum

140 3734 295 3794 copia
318 3738 368 3780 et
388 3733 721 3792 qubemaculo
745 3733 967 3794 finyunt,
998 3738 1251 3792 tamquam
1276 3730 1396 3777 haec
1419 3735 1469 3777 et
1491 3744 1600 3790 opes
1627 3730 1816 3777 tribuat
1847 3734 1896 3777 et
1927 3728 2254 3776 humanarum

140 3811 314 3846 rerum
356 3797 577 3855 reyimen
618 3798 856 3845 obtineat.
926 3799 953 3856 5
988 3795 1051 3845 17
1094 3795 1409 3843 Fortunae
1465 3792 1830 3842 vocabulum
1889 3791 2010 3840 sibi
2067 3790 2252 3839 inane

140 3862 504 3914 finxerunt:
536 3863 670 3924 quod
690 3875 839 3924 quam
862 3862 1003 3923 lonae
1026 3875 1058 3909 a
1080 3860 1332 3926 sapientia
1353 3861 1423 3908 sit
1444 3865 1693 3922 remotum,
1736 3859 1960 3906 declarat
1992 3854 2252 3904 Iuvenalis

1867 3962 1900 4021 l
1912 3959 2080 4025 2-2
