2725 4317
498 310 593 381 30
983 296 1254 348 remma
1297 294 1653 348 summm.
1721 294 2009 347 conone.
2144 295 2296 361 [vm
2317 292 2589 355 125-128

501 434 653 496 pitu.
725 430 794 481 ib.
835 432 898 481 10
932 431 1310 490 sententias,
1333 434 1393 481 id
1424 440 1496 482 est
1530 432 1738 482 vitrea
1771 434 1975 483 fracta
2006 440 2056 482 et
2088 431 2491 481 somniorum
2522 428 2590 477 in-

504 500 1018 559 terpretamenta.
1098 496 1167 545 ib.
1206 499 1299 546 118
1332 500 1720 547 controversiam
1754 497 2168 546 sententiolis
2199 494 2589 545 vibrantibus

501 563 754 625 pictam.
826 561 896 615 M.
948 560 1067 610 Seu.
1108 566 1267 611 contr.
1314 576 1335 610 1
1372 576 1451 623 pr.
1492 566 1519 623 9
1554 564 1617 610 23
1653 576 1704 623 p.
1745 563 1807 611 55
1846 563 1911 609 24
1956 564 2046 610 has
2084 563 2438 610 translaticias
2482 571 2589 620 quas

494 631 699 691 proprie
745 625 1101 675 sententias
1136 628 1361 688 dicimus,
1404 642 1533 689 quae
1571 627 1708 677 nihil
1744 628 1927 675 habent
1962 641 2076 675 cum
2107 628 2222 688 ipsa
2264 623 2589 673 controversia

502 694 804 755 inplicitum,
847 692 935 740 sed
971 694 1099 740 satis
1137 699 1254 753 apte
1297 699 1347 740 et
1381 694 1485 741 alio
1520 693 1905 755 tramseruntur,
1948 698 2200 753 tamquam
2232 705 2361 752 quae
2394 688 2472 737 de
2491 688 2589 735 for-

501 760 668 814 tuna,
715 755 785 805 de
831 756 1223 817 crudelitate,
1268 756 1337 805 de
1383 756 1651 813 saecule,
1698 755 1768 805 de
1812 755 2069 805 divitiis
2112 754 2446 803 dicuntur:
2492 751 2589 801 hoo

503 836 698 883 genus
722 820 1177 871 sententiarum
1200 820 1670 883 supellectilem
1694 820 1963 870 vocabat.

502 887 612 945 126
629 901 683 935 vl
705 887 817 935 554.
843 886 932 936 Ov,
959 901 1005 937 a.
1033 900 1080 934 a.
1106 900 1150 934 11
1177 886 1271 935 541
1309 888 1429 935 haec
1463 886 1558 935 tibi
1590 900 1691 935 non
1725 886 1981 945 hominem,
2002 888 2091 935 sed
2122 898 2391 947 quereus
2424 882 2591 934 crede

503 952 800 1012 Pelasgas
832 951 839 1015 Ι
866 951 1087 1001 dicere.
1159 951 1228 1001 M.
1269 951 1386 1001 Sen.
1420 965 1441 999 1
1486 955 1647 999 contr.
1673 964 1750 1013 pr.
1786 954 1984 1009 erratis,
2021 952 2195 1013 optimi
2232 952 2457 1011 iuvenes,
2500 948 2588 997 nisi

501 1020 646 1066 illam
693 1032 870 1073 vocem,
909 1032 1005 1065 non
1043 1018 1116 1065 M.
1161 1016 1386 1074 Catonis,
1426 1016 1513 1064 sed
1558 1014 1801 1064 oraculi
1839 1018 2061 1065 eredit-is.
2129 1014 2262 1065 Plin.
2301 1027 2428 1063 xxxx
2466 1017 2495 1066 '7
2530 1012 2587 1075 (1)

503 1084 590 1131 hoc
618 1091 747 1145 puta
778 1089 941 1129 vatem
974 1083 1176 1131 dixisse.
1250 1081 1354 1129 Cic.
1396 1080 1457 1129 de
1494 1094 1601 1142 rep.
1642 1094 1676 1129 v
1717 1084 1744 1141 9
1783 1081 1809 1127 1
1847 1096 1990 1143 quem
2024 1082 2223 1142 quidem
2259 1082 2351 1129 ille
2388 1092 2589 1132 versum,

499 1149 688 1209 inquit,
725 1148 802 1194 vel
833 1148 1074 1195 brevitate
1109 1148 1190 1195 vel
1221 1148 1437 1195 veritate
1473 1147 1789 1207 tamquam
1823 1158 1892 1193 ex
1930 1145 2182 1194 oraculo
2213 1146 2341 1193 mihi
2384 1146 2591 1206 quodam

476 1227 598 1267 ,esse
643 1212 822 1273 effatus
867 1212 1082 1259 videtur.
1149 1211 1302 1259 Lucr.
1341 1225 1362 1259 1
1408 1212 1517 1261 739.
1590 1210 1779 1259 Arnob.
1817 1224 1838 1257 1
1876 1211 1918 1259 1.
1955 1210 2131 1259 Burm.
2170 1208 2314 1258 anth.
2356 1222 2413 1257 ιν
2455 1211 2517 1259 16
2548 1209 2587 1257 6.

900 1288 1094 1323 romum
1118 1274 1263 1337 Verg.
1288 1276 1416 1325 Aen.
1442 1290 1509 1324 111
1532 1275 1627 1324 444
1650 1288 1754 1336 seq.
1769 1276 1893 1338 sata
1916 1277 2057 1324 canit
2078 1273 2379 1335 foliisque
2414 1278 2588 1323 notas

498 1345 556 1390 et
606 1341 863 1390 nomina
912 1339 1180 1388 mandat.
1213 1342 1220 1405 Ι
1249 1355 1568 1402 quaecunque
1614 1340 1679 1388 in
1724 1340 1897 1388 foliis
1938 1338 2281 1400 descripsit
2320 1340 2590 1388 carmina

497 1406 678 1467 virg0‚
710 1408 718 1470 Ι
746 1408 931 1467 digerit
960 1407 1016 1452 in
1044 1419 1298 1453 numerum
1329 1412 1479 1467 atque
1522 1412 1667 1454 antro
1701 1406 1893 1453 seclusa
1932 1406 2187 1467 relinquit.
2219 1402 2228 1468 Ι
2256 1404 2353 1451 illa
2392 1410 2591 1452 manent
2629 1437 2633 1448 .

497 1473 702 1519 immota
737 1472 856 1520 locis
891 1485 1045 1531 neque
1081 1471 1143 1517 ab
1182 1471 1354 1518 ordine
1396 1471 1592 1519 cedunt.
1624 1469 1633 1533 Ι
1669 1484 1838 1518 verum
1871 1471 2056 1527 eadem,
2088 1483 2227 1517 verso
2276 1471 2442 1517 tenuis
2491 1483 2590 1518 cum
2626 1473 2632 1496 ¹

496 1538 702 1584 cardine
733 1541 908 1583 ventus
940 1533 947 1597 Ι
976 1536 1177 1597 impulit
1211 1541 1260 1583 et
1293 1541 1487 1583 teneras
1521 1535 1745 1584 turbavit
1774 1537 1936 1583 ianua
1970 1531 2261 1591 frondes,
2290 1532 2298 1598 Ι
2327 1547 2590 1596 numquam
2622 1557 2629 1592 3

497 1601 676 1649 deinde
710 1614 831 1648 cavo
865 1600 1140 1647 volitantia
1166 1601 1410 1661 prendere
1443 1614 1563 1648 saxo
1594 1599 1602 1662 Ι
1632 1634 1644 1647 .
1672 1636 1683 1648 .
1710 1637 1722 1649 .
1748 1607 1909 1648 curat.
1979 1598 2119 1648 Serv,
2144 1597 2209 1646 ad
2232 1597 2265 1648 1.
2299 1598 2591 1646 iri-foliis
2626 1599 2631 1610 “

497 1667 714 1713 autem
758 1664 1119 1725 palmarum
1182 1663 1501 1725 Sibyllam
1562 1663 1849 1713 scribere
1895 1663 2107 1712 solere
2150 1670 2366 1712 testatur
2414 1664 2583 1711 Varro.

496 1729 618 1778 Aen.
642 1743 698 1776 v1
721 1731 782 1779 74
815 1728 981 1777 where
1006 1727 1143 1777 Serv,
1175 1728 1300 1777 cites
1324 1728 1414 1777 the
1437 1729 1600 1777 words
1622 1729 1675 1777 of
1697 1728 1872 1777 Vax-rc.
1910 1728 2108 1789 Symm.
2133 1742 2213 1789 ep.
2238 1742 2293 1776 ιν
2315 1729 2395 1775 33.
2448 1728 2587 1776 Varr-

495 1793 553 1841 in
575 1793 704 1842 Plin.
732 1807 830 1841 1111
853 1797 878 1855 ς
903 1793 964 1842 69
1003 1792 1070 1841 in
1105 1793 1477 1854 palmarum
1512 1793 1705 1841 foliis
1740 1795 1902 1854 primo
1933 1795 2287 1855 scriptitatum,
2322 1793 2445 1841 dein
2475 1808 2588 1855 qua·

494 1860 706 1907 rundam
739 1860 1160 1907 arborum'libris.
1234 1857 1389 1905 Later
1410 1858 1499 1905 the
1524 1858 1955 1919 Sibylline·books
1978 1872 2063 1905 are
2086 1857 2279 1917 spoken
2302 1857 2357 1904 of
2378 1870 2439 1905 as
2462 1857 2587 1905 writ-

519 1938 584 1972 en
605 1938 673 1972 on
695 1924 834 1972 linen
857 1922 1037 1972 Claud.
1065 1922 1179 1973 bell.
1207 1922 1322 1972 Get.
1347 1923 1540 1970 231—2
1564 1924 1688 1984 quid
1710 1924 1931 1970 carmine
1950 1929 2122 1983 poscat
2150 1924 2157 1982 Ι
2180 1923 2407 1983 fatidico
2432 1930 2586 1971 custos

492 1990 706 2037 Romani
741 1988 1051 2037 carbasus
1085 1990 1218 2037 aevi.
1290 1987 1483 2049 Symm.
1526 2000 1604 2047 ep.
1646 2000 1699 2035 xv
1732 1987 1795 2035 34
1840 1989 2055 2034 monitus
2099 1986 2341 2035 Cumanos
2378 1986 2588 2036 lintea

492 2055 668 2101 texta
698 2061 1022 2117 sumpserunt.

588 2118 872 2177 127—145
907 2118 947 2167 it
975 2119 1101 2170 both
1123 2134 1252 2181 your
1274 2121 1411 2169 suite
1434 2118 1536 2167 and
1556 2132 1685 2179 your
1713 2118 1829 2165 wife
1866 2118 1927 2165 be
1950 2118 2237 2176 blameless,
2272 2118 2315 2166 it
2348 2130 2418 2165 no
2452 2117 2587 2179 long·

489 2182 670 2231 haired
702 2184 901 2232 minion
935 2184 1028 2232 sell
1060 2199 1188 2246 your
1221 2185 1431 2244 awards,
1472 2185 1597 2231 then
1630 2197 1732 2244 you
1771 2197 1890 2243 may
1928 2183 2114 2231 choose
2152 2183 2243 2232 the
2282 2182 2506 2232 founder
2540 2183 2588 2229 oi

490 2263 616 2308 your
638 2263 751 2296 race
772 2249 903 2296 from
927 2252 1164 2308 amongst
1186 2249 1275 2297 the
1300 2249 1511 2306 Titans;
1547 2262 1616 2295 no
1648 2262 1746 2295 one
1777 2247 1878 2294 will
1910 2247 2042 2308 deny
2069 2262 2199 2309 your
2225 2246 2437 2295 descent
2466 2261 2583 2296 even

491 2313 624 2360 from
650 2312 820 2373 (Titan
843 2328 929 2360 x1v
951 2314 1031 2370 35)
1056 2313 1396 2361 Prometheus
1418 2312 1647 2369 himself,
1681 2312 1761 2359 for
1796 2310 1866 2360 all
1888 2310 1993 2359 will
2014 2311 2186 2372 gladly
2208 2310 2275 2359 do
2306 2310 2513 2359 honour
2533 2315 2581 2358 to

489 2390 616 2437 your
649 2376 848 2425 desert:
884 2376 976 2424 but
1010 2377 1054 2424 it
1084 2391 1186 2438 you
1219 2377 1280 2424 be
1301 2376 1393 2423 the
1428 2377 1565 2425 slave
1599 2377 1653 2423 of
1684 2376 1791 2423 lust
1824 2374 1926 2423 and
1949 2375 2039 2423 the
2072 2390 2344 2437 oppressor
2372 2376 2433 2423 of
2460 2390 2582 2438 your

490 2440 746 2501 province,
769 2440 895 2487 then
917 2455 1044 2499 your
1066 2440 1216 2488 noble
1237 2440 1379 2488 birth
1401 2441 1523 2502 only
1542 2442 1718 2489 makes
1738 2454 1867 2501 your
1888 2440 2020 2500 guilt
2043 2454 2185 2488 more
2206 2440 2444 2501 flagrant.

907 2505 1015 2563 12¹7
1049 2518 1242 2553 conons
1274 2506 1445 2554 cohors
1462 2508 1740 2567 praetoria,
1770 2504 2007 2565 properly
2029 2504 2119 2552 the
2140 2504 2370 2565 military
2392 2506 2517 2555 staff
2534 2506 2583 2553 of

490 2569 578 2619 the
613 2585 871 2631 governor,
915 2569 1178 2630 including
1211 2583 1383 2631 young
1415 2570 1610 2630 nobleS,
1652 2568 1766 2617 who
1798 2582 1855 2617 as
1890 2571 2261 2617 contubernales
2295 2584 2354 2617 or
2384 2574 2579 2619 comites

481 2637 733 2697 praetoris
765 2649 892 2682 were
927 2634 1160 2695 entering
1193 2648 1334 2696 upon
1369 2634 1597 2695 military
1633 2633 1837 2683 service.
1908 2632 2070 2681 Other
2108 2633 2323 2694 officere,
2359 2634 2491 2683 such
2527 2650 2579 2683 as

490 2702 703 2756 lictores,
729 2714 1015 2759 praecones,
1049 2701 1258 2757 scribae,
1299 2701 1606 2761 interpretes,
1648 2700 1860 2756 accensi,
1908 2700 2209 2759 haruspices,
2248 2702 2573 2760 apparitores,

486 2777 614 2812 were
648 2762 750 2811 less
772 2764 1005 2825 properly
1025 2763 1266 2812 included
1295 2764 1352 2812 in
1374 2763 1463 2811 the
1486 2767 1619 2811 term
1643 2762 1747 2811 Cic.
1773 2762 1839 2811 ad
1860 2763 1955 2823 Qu.
1982 2763 2045 2811 fr.
2071 2776 2092 2809 1
2117 2764 2144 2810 1
2168 2766 2221 2824 ξς
2247 2764 2443 2811 12-13
2466 2780 2577 2826 quos

485 2843 600 2877 vero
624 2836 714 2876 aut
737 2843 796 2875 ex
819 2829 1096 2877 domesticis
1118 2830 1513 2877 convictionibus
1538 2835 1695 2875 tecum
1717 2843 1815 2876 esse
1838 2830 2062 2887 voluisti,
2088 2830 2179 2889 qui
2201 2827 2386 2888 quasi
2418 2844 2481 2877 es:
2506 2845 2575 2877 co-

487 2894 624 2942 horte
656 2894 906 2955 praetoris
939 2895 1186 2955 appellari
1221 2895 1393 2953 solent,
1436 2895 1608 2941 horum
1638 2908 1738 2942 non
1766 2894 1906 2941 modo
1936 2895 2101 2956 facta,
2136 2894 2221 2941 sed
2249 2895 2405 2948 etiam
2444 2896 2573 2942 dicta

484 2960 649 3007 omnia
665 2959 974 3019 praestanda
996 2960 1135 3006 nobis
1157 2966 1272 3007 sunt
1277 2993 1453 3008 .....
1478 2958 1547 3006 sit
1576 2961 1755 3006 anulus
1780 2965 1893 3005 tuus
1915 2973 2015 3006 non
2035 2965 2094 3005 ut
2120 2972 2211 3006 vas
2239 2960 2467 3019 aliquod,
2497 2959 2575 3006 sed

485 3030 737 3083 tamquam
756 3023 860 3083 ipse
887 3030 976 3078 tu,·
1011 3037 1110 3070 non
1131 3024 1359 3071 minister
1382 3025 1581 3071 alienae
1612 3025 1906 3080 voluntatis,
1929 3024 2015 3070 sed
2046 3024 2185 3070 testis
2215 3029 2332 3070 tuae
2355 3024 2454 3071 etc.
2508 3022 2571 3071 id.

482 3087 624 3135 Verr.
650 3102 693 3133 11
715 3086 742 3143 ἒ
765 3087 826 3136 27
851 3086 1114 3134 comites
1139 3089 1222 3134 illi
1256 3089 1332 3135 tui
1355 3089 1535 3135 delecti
1556 3102 1730 3135 manus
1754 3096 1896 3135 erant
1918 3094 2061 3141 tuae.-
2082 3089 2349 3149 praejecti,
2370 3090 2569 3143 scribae,

480 3154 672 3213 medici,
698 3153 907 3209 acce-nsi,
933 3152 1236 3213 haruspices,
1252 3166 1519 3212 praecones
1553 3159 1696 3199 erant
1727 3166 1901 3199 manus
1934 3159 2064 3201 tuae.
2098 3186 2109 3199 .
2137 3186 2149 3199 .
2179 3188 2191 3201 .
2216 3150 2447 3200 cohors
2479 3158 2571 3200 tota

479 3218 576 3265 illa
612 3224 712 3275 tua,
738 3230 864 3277 quae
891 3218 1009 3276 plus
1032 3218 1155 3263 mali
1179 3217 1392 3263 Siciliae
1417 3217 1573 3273 dedit,
1610 3230 1761 3277 quam
1792 3218 1838 3263 si
1861 3224 2054 3265 centum
2078 3208 2303 3265 *cohortes
2328 3218 2569 3279 fuyitivo·

477 3296 588 3329 rum
611 3283 848 3342 fuissent,
889 3288 978 3327 tua
1015 3294 1203 3329 manus.
1276 3278 1346 3328 ib.
1379 3282 1493 3339 §29
1532 3289 1638 3329 tuos
1672 3282 1855 3329 amicos
1885 3283 1943 3329 in
1964 3283 2297 3343 provinciam,
2342 3284 2492 3343 quasi
2519 3283 2569 3328 iu

538 3347 726 3401 aedom,
761 3346 1035 3393 invitabas.
1111 3343 1181 3391 ib.
1207 3348 1232 3403 ξ
1257 3345 1335 3393 75.
1394 3344 1585 3391 Becker
1621 3359 1685 3392 111
1724 3346 1750 3392 1
1775 3346 1873 3393 284
1895 3360 1999 3407 seq.
2068 3346 2193 3394 Hor.
2218 3360 2299 3407 ep.
2326 3360 2349 3393 1
2371 3348 2402 3393 3
2428 3348 2461 3395 6
2483 3344 2568 3394 Ob-

513 3424 583 3459 ar.
654 3410 780 3470 Nep.
805 3423 904 3456 xxv
927 3408 956 3456 6
979 3412 1004 3469 ς
1029 3408 1059 3455 4
1083 3408 1138 3455 of
1158 3406 1356 3455 Atticus
1386 3411 1649 3457 multorum
1672 3412 1925 3458 consulum
1945 3418 2327 3472 praetorumque
2351 3411 2567 3473 praefec-

478 3482 617 3526 turas
650 3475 842 3521 delatas
875 3476 946 3521 sic
980 3474 1174 3537 accepit
1209 3480 1266 3520 ut
1301 3472 1613 3521 neminem
1651 3473 1715 3521 in
1750 3476 2141 3534 provinciam
2178 3474 2263 3523 sit
2298 3478 2568 3531 secutae,

477 3539 654 3587 honore
669 3540 833 3600 suerit
855 3544 1128 3595 contentus,
1154 3536 1247 3584 rei
1270 3536 1614 3586 familiaris
1639 3538 2007 3599 despexerit
2029 3539 2326 3590 fructum.
2384 3540 2563 3589 Catuli.

473 3618 508 3651 x
530 3604 702 3651 6—23.
1501 3601 1609 3659 128
1643 3616 2002 3652 Acnssncomss
2034 3606 2277 3663 intonsus,
2300 3604 2507 3665 epithet
2524 3604 2570 3651 of

472 3667 671 3728 Apoll0.
735 3666 817 3714 On
840 3666 966 3715 such
991 3669 1173 3715 amasii
1198 3666 1264 3715 cf.
1290 3680 1356 3714 111
1382 3666 1475 3715 186
1498 3682 1549 3715 n.
1586 3681 1618 3715 v
1640 3668 1703 3716 56
1725 3683 1777 3716 n.
1813 3683 1867 3716 vl
1889 3670 2000 3719 378.
2061 3666 2169 3717 The
2191 3670 2329 3716 most
2353 3669 2569 3723 famous,

472 3732 657 3780 known
679 3730 748 3792 by
764 3730 928 3778 works
951 3732 1004 3779 of
1026 3733 1121 3790 art,
1149 3730 1195 3779 is
1219 3730 1499 3781 Hadrian's
1521 3731 1721 3779 minion
1745 3733 2015 3781 Antinous
2084 3732 2202 3781 Tac.
2226 3734 2350 3793 Agr.
2377 3735 2441 3783 19
2466 3736 2569 3782 ani·

471 3812 658 3845 morum
702 3797 996 3857 provinciae
1035 3798 1257 3856 prudens
1280 3834 1292 3845 .
1325 3830 1337 3841 .
1364 3834 1377 3845 .
1405 3811 1583 3843 causas
1618 3797 1855 3845 bellorum
1885 3800 2067 3845 statuit
2099 3799 2343 3846 ercidere.
2432 3813 2466 3848 a
2514 3812 2571 3846 se

473 3859 732 3921 suisque
777 3872 950 3906 orsus
995 3858 1260 3920 primum
1305 3857 1548 3907 domum
1594 3872 1762 3908 suam
1806 3862 2096 3921 coercuit,
2148 3863 2278 3923 quod
2314 3866 2574 3925 plerisque-
