2725 4317
162 270 480 338 283—285]
567 274 823 325 OGEANI
867 275 1210 327 MONSTRA.
1280 276 1589 328 IUVENES
1633 278 1899 327 MARINI.
2088 300 2129 367 3
2136 298 2223 366 41

154 412 288 461 Hor.
308 423 361 461 0.·
381 424 402 459 1
425 412 454 458 3
481 408 556 461 18.
594 424 661 459 111
683 412 746 462 27
771 412 848 462 27.
897 411 1075 460 Claud.
1097 408 1211 461 laus
1235 411 1342 462 Ser.
1371 411 1465 464 129
1489 410 1747 475 Neptunia
1767 416 2062 463 monstra.
2096 415 2231 464 Plin.

155 490 197 523 11
232 480 260 535 ξ
296 479 343 526 7.
378 488 433 523 11
463 478 490 535 ἕ
521 476 551 523 2
587 478 644 523 in
673 477 802 524 mari
837 482 1000 523 autem
1033 484 1137 525 tam
1169 478 1269 525 late
1300 480 1479 537 supino
1508 480 1741 540 mollique
1774 494 1835 527 ac
1864 480 2037 539 fertili
2067 482 2229 528 nutri-

152 546 330 599 mento,
368 541 644 602 accipiente
675 553 851 588 camus
881 542 1124 600 qenitales
1163 556 1188 588 e
1223 542 1427 589 sublimi
1462 556 1739 603 semperque
1766 546 1995 604 pariente
2026 551 2226 605 natura,

149 607 390 665 pleraque
423 606 576 651 etiam
607 603 1012 651 monstrifica
1041 606 1372 665 reperiuntur.
1442 606 1469 665 g
1510 606 1543 652 4
1583 605 1641 653 in
1676 605 1765 653 the
1802 605 1991 654 Indisn
2026 622 2113 656 sea
2144 622 2231 655 are

153 668 320 715 found
370 666 560 716 whales
614 668 669 715 of
721 668 754 714 4
807 668 998 728 iugera,
1051 671 1236 729 pristes
1285 670 1527 716 ducenum
1574 671 1867 730 cubitorum,
1918 674 2099 732 quippe
2140 674 2230 719 ubi

154 735 371 779 locustae
393 738 638 793 quaterna
659 733 830 780 cubita
861 734 1116 793 impleant,
1151 734 1409 791 anguillae
1443 747 1632 794 quoque
1666 736 1723 781 in
1760 736 1931 794 Ganqe
1964 750 2105 783 amne
2138 738 2227 784 tri-

153 811 296 844 cenos
323 798 485 857 pedes.
557 798 582 855 ἓ
605 797 634 843 6
664 794 723 842 in
755 793 844 843 the
865 795 976 843 Red
999 808 1086 843 sea
1109 797 1379 857 praecipue
1408 798 1477 845 ad
1514 798 2229 859 immobilemmaqnitudinem

153 862 326 908 beluae
361 860 659 909 adolescunt.
741 862 768 919 ἕ
807 862 838 909 7
870 858 1196 907 Alexander's
1232 858 1473 907 admirals
1510 874 1612 907 saw
1646 875 1834 920 among
1884 861 1975 909 the
2016 862 2229 910 Gedrosi

150 938 312 983 many
344 922 500 971 bones
532 925 596 971 40
628 922 796 970 cubits
829 923 962 983 long.
1035 925 1112 982 §8
1143 922 1201 971 in
1231 922 1323 971 the
1357 923 1521 971 Gallio
1554 938 1711 973 ocean
1736 926 1973 987 physeter
2002 928 2221 987 inqentis

151 990 408 1036 columnae
449 989 591 1035 modo
623 1002 672 1034 se
717 988 948 1034 attollens
993 989 1242 1048 altiorque
1283 989 1491 1036 navium
1531 990 1657 1037 velis
1694 990 1935 1037 diluviem
1977 992 2226 1051 quandam

151 1058 401 1111 eructans,
434 1054 490 1099 in
517 1053 770 1099 Gaditano
792 1064 972 1099 oceano
993 1053 1141 1100 arbor
1161 1054 1219 1099 in
1251 1058 1448 1099 tantum
1466 1053 1626 1100 vastis
1646 1053 1885 1113 dispansa
1906 1056 2059 1101 ramis
2083 1061 2142 1101 ut
2162 1070 2225 1102 ex

151 1132 215 1163 ea
248 1130 401 1163 causa
422 1116 613 1177 fretum
642 1129 908 1175 numquam
937 1116 1148 1163 intrasse
1180 1116 1428 1164 credatwr.
1494 1115 1692 1176 Ampel.
1718 1120 1747 1167 7
1770 1120 1795 1176 ἕ
1819 1118 1849 1164 8
1870 1119 1925 1163 at
1948 1116 2165 1165 Corinth
2194 1132 2225 1167 a

150 1179 359 1227 whale’s
388 1178 486 1238 rib,
525 1194 674 1239 quam
717 1180 854 1227 homo
897 1180 1150 1240 complecti
1189 1194 1292 1229 non
1321 1186 1500 1240 potest.
1567 1183 1593 1241 ξ
1630 1181 1693 1230 16
1728 1179 1934 1228 whale’s
1967 1180 2125 1229 bones
2170 1184 2225 1230 at

150 1245 376 1303 Argyrus
399 1245 544 1304 quasi
569 1244 756 1304 lapides
779 1244 1033 1303 quadrati.
1104 1243 1286 1293 Strabo
1311 1244 1423 1293 691.
1456 1244 1663 1293 725-6.
1694 1245 1788 1296 ’767
1821 1246 2077 1293 monsters
2101 1259 2223 1293 seen

150 1307 221 1367 by
244 1306 499 1354 Nearchos
533 1306 598 1353 cf.
631 1306 743 1353 Arr.
777 1306 890 1353 Ind.
917 1308 997 1355 30.
1022 1307 1084 1355 39
1107 1309 1134 1367 5
1154 1307 1202 1357 4.
1272 1306 1383 1356 Ael.
1412 1321 1465 1355 n.
1492 1322 1537 1357 a.
1568 1320 1678 1355 xvu
1710 1308 1757 1358 6.
1804 1307 1958 1356 Psus.
1983 1322 2028 1356 11
2050 1309 2114 1357 10
2144 1313 2169 1371 5
2192 1310 2223 1357 2

151 1384 260 1419 saw
279 1384 311 1417 a
330 1370 534 1419 whale's
555 1369 632 1417 rib
653 1369 712 1418 in
741 1368 830 1418 the
851 1371 1042 1432 temple
1062 1371 1118 1419 of
1136 1369 1405 1432 Asklepios
1426 1374 1480 1419 at
1505 1371 1710 1432 Sikyon.

1143 1448 1368 1483 romnus
1400 1448 1624 1483 muros
1657 1435 1864 1483 Tritone
1887 1435 1989 1484 and
2010 1436 2223 1485 Nereide

154 1498 291 1546 Plin.
315 1511 370 1545 1x
395 1501 421 1557 ξ
446 1498 475 1547 9
512 1500 711 1547 Tiberio
736 1500 963 1559 principi
989 1500 1246 1547 nuntiavit
1271 1501 1687 1560 olisiponensium
1710 1502 1891 1560 leqatio
1914 1502 1972 1548 ob
1994 1502 2049 1549 id
2070 1504 2223 1550 missa

149 1566 314 1610 visum
347 1564 666 1623 auditumque
701 1564 760 1611 in
801 1563 1014 1623 quodam
1048 1578 1194 1625 specu
1230 1564 1417 1611 concha
1457 1571 1711 1611 canentem
1754 1564 2089 1623 Tritonem,
2123 1581 2223 1626 qua

148 1629 376 1675 noscitur
384 1628 567 1689 forma.
602 1634 651 1674 et
672 1626 1000 1675 Nereidum
1022 1640 1210 1688 quoque
1221 1627 1369 1689 falsa
1390 1641 1488 1675 non
1508 1635 1596 1687 est,
1622 1629 1841 1689 squamis
1864 1630 2003 1677 modo
2028 1632 2222 1691 hispido

150 1705 350 1751 corpore
393 1692 546 1737 etiam
586 1705 688 1753 qua
731 1692 998 1738 humanam
1039 1692 1242 1751 effiyiem
1294 1692 1489 1739 habent.
1562 1706 1772 1753 namque
1818 1694 1938 1741 haec
1970 1695 2029 1741 in
2060 1696 2223 1742 eodem

151 1761 377 1816 spectata
412 1755 556 1803 litore
601 1762 688 1814 est,
734 1756 878 1803 cuius
918 1756 1173 1803 morientis
1207 1756 1358 1802 etiam
1389 1761 1588 1803 cantum
1622 1758 1811 1803 tristem
1843 1758 2039 1804 accolae
2072 1758 2219 1805 audi-

148 1833 262 1866 vere
298 1820 452 1878 lonye.
521 1826 570 1866 et
596 1820 717 1867 divo
746 1820 970 1877 Auqusto
987 1820 1178 1879 leyatus
1210 1819 1413 1866 Galliae
1436 1820 1702 1879 complures
1723 1820 1782 1867 in
1813 1820 1957 1867 litore
1980 1835 2219 1881 apparere

152 1884 404 1929 exanimes
451 1882 742 1929 Nereidas
790 1884 1004 1943 scripsit.
1075 1885 1104 1943 g
1141 1882 1204 1929 10
1248 1888 1473 1930 auctores
1519 1884 1669 1930 habeo
1710 1882 1769 1930 in
1801 1886 2014 1943 equestri
2047 1886 2219 1932 ordine

148 1947 458 2007 splendentes
505 1946 708 1994 visum
759 1944 832 1993 ab
881 1945 982 1993 his
1025 1945 1334 1995 Gaditano
1384 1960 1615 1993 oceano
1668 1945 1971 1994 marinum
2021 1946 2217 1995 homi-

149 2024 288 2057 nem
335 2011 428 2058 cet.
503 2012 528 2069 ἕ
576 2010 637 2057 11
683 2010 754 2057 Μ.
803 2009 1023 2059 Scaurus
1065 2010 1123 2057 in
1164 2009 1248 2057 his
1292 2008 1569 2069 aedileship
1612 2008 1833 2069 brought
1875 2010 2009 2057 from
2054 2011 2218 2072 Joppa

149 2074 256 2121 and
284 2072 542 2122 exhibited
572 2076 624 2122 at
653 2074 815 2121 Rome
845 2072 936 2121 the
967 2074 1126 2122 bones
1159 2074 1212 2121 of
1237 2073 1326 2121 the
1351 2076 1583 2120 monster
1610 2076 1665 2120 to
1696 2073 1863 2122 which
1894 2074 2218 2132 Andromeda

147 2152 255 2185 was
299 2137 410 2186 said
452 2139 506 2185 to
540 2137 670 2186 have
721 2138 850 2185 been
893 2138 1125 2199 exposed,
1172 2138 1238 2186 40
1279 2137 1341 2185 ft.
1386 2137 1522 2197 long,
1570 2137 1626 2184 in
1668 2136 1847 2197 height
1889 2138 1943 2185 of
1984 2138 2073 2185 the
2111 2137 2218 2187 ribs

148 2202 454 2263 outtopping
485 2202 675 2251 Indian
702 2202 984 2263 elephante,
1018 2202 1144 2249 with
1169 2216 1200 2249 a
1233 2201 1381 2261 spine
1419 2203 1481 2249 18
1502 2200 1573 2247 in.
1598 2200 1757 2249 thick.
1822 2200 1943 2251 VFL
1971 2216 2006 2250 v
2024 2202 2216 2251 481—2

150 2268 234 2313 cui
266 2282 367 2313 non
397 2268 528 2314 iusso
565 2273 634 2314 tot
665 2266 808 2314 adire
841 2268 1068 2328 voluptas
1098 2265 1407 2327 {monstra
1439 2264 1661 2313 maris?
1716 2264 1883 2313 Valet.
1920 2266 2046 2313 Cato
2078 2266 2217 2315 dirae

150 2330 310 2381 55—'7
332 2332 476 2389 niqro
507 2331 666 2377 multa
699 2333 829 2379 mari
852 2334 1026 2379 dicunt
1050 2331 1340 2391 portenta
1371 2336 1568 2388 natare,
1600 2327 1608 2394 Ι
1634 2332 1917 2378 monstra
1946 2332 2217 2391 repentinis

151 2396 394 2441 terrentia
424 2408 568 2455 saepe
587 2395 789 2455 fimbris,
825 2394 834 2459 Ι
860 2410 969 2443 cum
998 2396 1162 2443 subito
1193 2408 1420 2441 emersere
1433 2393 1631 2454 furenti
1660 2408 1857 2455 corpore
1878 2401 2050 2455 ponto.
2098 2394 2215 2443 Tac.

149 2472 274 2505 ann.
330 2471 374 2505 11
414 2458 478 2504 24
524 2464 583 2505 ut
628 2460 738 2518 quis
783 2474 842 2507 ex
875 2460 1137 2519 laemqinquo
1175 2464 1448 2515 revenerat,
1502 2456 1805 2505 miracula
1846 2458 2214 2507 narrabant:

147 2524 251 2569 vim
307 2522 556 2569 turbinum
613 2528 659 2569 et
717 2524 978 2571 inauditas
1021 2524 1258 2582 volucres,
1311 2523 1589 2569 monstra
1640 2522 1843 2581 maris,
1904 2522 2218 2583 ambiguas

146 2585 477 2634 hominum
510 2588 568 2633 et
602 2585 921 2634 beluarum
955 2586 1196 2644 formas,
1233 2587 1344 2633 visa
1365 2588 1470 2633 sive
1493 2600 1554 2633 ex
1574 2592 1705 2633 metu
1724 2588 1928 2634 credita.

429 2650 542 2707 284
573 2663 676 2696 Non
710 2663 848 2698 uuus
879 2664 1086 2698 usurus
1117 2662 1298 2697 serm·
1329 2663 1500 2698 runou
1532 2648 1661 2697 Hor.
1684 2664 1727 2697 s.
1750 2663 1795 2697 11
1824 2652 1855 2697 3
1878 2651 1943 2699 50
1964 2650 2026 2699 51
2059 2664 2217 2701 unus

145 2713 401 2773 utrique
428 2716 436 2776 Ι
467 2727 645 2773 error,
675 2714 784 2761 sed
811 2714 1004 2763 variis
1033 2712 1252 2761 illudit
1283 2713 1584 2774 partibus.

1351 2790 1472 2824 um
1504 2789 1608 2824 v111
1628 2777 1882 2825 215—221
1904 2792 1958 2825 n.
1992 2778 2121 2826 Hor.
2142 2778 2214 2829 ib.

144 2843 342 2892 131--8
375 2856 484 2889 cum
507 2842 678 2903 laqueo
706 2857 908 2890 uxorem
929 2842 1174 2889 interimis
1201 2847 1497 2903 matremque
1524 2855 1723 2897 veneno,
1752 2839 1760 2906 Ι
1788 2843 2035 2902 incolumi,
2050 2845 2214 2904 capite

139 2911 235 2955 es?
293 2907 418 2967 quid
450 2908 616 2954 enim?
667 2921 822 2967 neque
856 2913 912 2953 tu
952 2908 1044 2954 hoc
1080 2907 1217 2968 facis
1257 2908 1427 2964 Aryis,
1460 2902 1468 2969 Ι
1496 2918 1605 2952 neo
1650 2905 1805 2952 ferro
1849 2906 1917 2952 ut
1968 2905 2215 2955 demens

138 2970 530 3031 genetricem
575 2970 806 3018 occidis
852 2970 1114 3017 Orestes.
1146 2967 1155 3033 Ι
1210 2984 1278 3015 an
1312 2976 1369 3017 tu
1397 2970 1523 3017 reris
1556 2982 1665 3015 eum
1695 2970 1857 3017 occisa
1896 2968 2214 3018 insanisse

135 3035 421 3097 parente,
458 3032 465 3099 Ι
491 3047 550 3082 ac
580 3048 678 3083 non
711 3042 830 3083 ante
857 3034 1004 3082 uvalis
1036 3035 1298 3081 dementem
1329 3039 1494 3080 actum
1522 3034 1697 3081 Furiis
1740 3047 1889 3093 quam
1914 3032 1922 3097 Ι
1952 3035 2010 3081 in
2039 3036 2213 3081 matris

135 3100 322 3161 iuqulo
354 3098 550 3159 ferrum
591 3098 820 3159 tepefecit
852 3101 1080 3145 acutum?
1110 3096 1118 3161 Ι
1147 3098 1288 3157 quin,
1331 3111 1392 3143 ex
1436 3110 1532 3157 quo
1574 3103 1647 3143 est
1680 3098 1879 3144 habitus
1911 3099 2040 3145 niale
2075 3104 2211 3145 tutae

135 3164 324 3213 mentis
351 3163 558 3219 Orestes,
589 3160 598 3227 Ι
623 3164 702 3210 nil
720 3176 840 3210 sane
861 3163 992 3224 fecit
1015 3162 1145 3223 quod
1165 3167 1222 3207 tu
1240 3160 1587 3221 reprehendere
1602 3162 1776 3222 possis.

1195 3237 1406 3273 sonorus
1437 3223 1673 3271 Electrae
1696 3223 1819 3271 V'Fl.
1841 3238 1916 3271 vn
1940 3222 2210 3273 147-152.

1602 3287 1712 3345 285
1746 3301 1803 3335 m
1837 3302 2062 3336 mmmm
2083 3288 2211 3336 Eur.

135 3356 232 3404 Or.
262 3352 456 3402 260—4
488 3352 545 3401 in
565 3353 817 3401 Elektra’s
853 3366 1007 3401 arms.
1075 3352 1162 3401 Or.
1195 3351 1233 3399 ὦ
1258 3351 1415 3412 Φοῖβ’,
1438 3354 1746 3401 ἀποκτενοῦσί
1777 3352 1826 3411 μ’
1861 3355 1910 3399 αἱ
1942 3355 2213 3440 κυνώπιδεςΙ

132 3422 414 3482 γοργῶπες,
442 3420 612 3479 ἐνέρων
641 3421 793 3479 ἱερίαι,
821 3420 966 3466 δειναὶ
990 3418 1110 3465 θεαί.
1138 3415 1147 3479 Ι
1188 3415 1271 3463 El.
1309 3419 1436 3465 οῦτοι
1460 3418 1673 3476 μεθήσω·
1726 3419 1866 3477 χεῖρα
1890 3416 1928 3463 δ’
1952 3419 2197 3476 &perusus

133 3488 262 3544 ἐμὴν
289 3481 298 3547 Ι
329 3487 501 3543 σχήσω
535 3500 591 3531 σε
621 3484 780 3541 πηδᾶν
812 3484 1024 3542 δυστυχῆ
1054 3482 1328 3541 πηδήματα.
1357 3478 1365 3543 Ι
1405 3479 1487 3529 Or.
1526 3482 1683 3537 μέθες·
1728 3482 1795 3539 μί’
1826 3486 1944 3529 οὖσα
1974 3484 2071 3528 τῶν
2094 3484 2215 3537 ἐμῶν

133 3550 382 3607 Ἐρινύων.
1282 3557 1454 3593 vomu
1488 3557 1810 3592 Ennianum
1842 3558 2116 3593 rnnnn'run
2145 3559 2213 3593 nr

134 3625 263 3661 101ss
295 3610 479 3659 Aesch.
521 3624 563 3659 c.
602 3609 733 3658 Tim.
767 3613 794 3671 ς
826 3607 921 3659 190
951 3606 1020 3669 μὴ
1049 3610 1147 3671 γὰρ
1179 3610 1348 3669 οἴεσθε,
1390 3608 1428 3655 ὥ
1461 3605 1634 3670 ἄνδρες,
1669 3606 1755 3657 τὰς
1786 3610 1882 3657 τῶν
1915 3612 2214 3669 ἀδικημάτέων

134 3676 302 3737 ἀρχᾶς
337 3677 433 3723 ἀπὸ
477 3673 594 3723 θεῶν
637 3672 748 3723 ἀλλ’
797 3677 886 3734 οὐχ
931 3673 1010 3721 ὑπ’
1056 3671 1310 3732 ἀνθρώπων
1346 3674 1601 3733 ἀσελγείας
1641 3674 1907 3735 γίγνεσθαι,
1948 3676 2069 3731 μηδὲ
2109 3676 2215 3724 τοὺς

135 3742 461 3801 ἠσεβηκότας,
510 3741 727 3801 καθάπερ
769 3740 821 3786 ἐν
860 3740 1158 3799 τραγῳδίαις,
1215 3733 1431 3785 Ποινὰς
1481 3736 1739 3785 ἐλαύνειν
1797 3739 1887 3785 καὶ
1944 3739 2215 3795 κολάζειν

135 3807 316 3867 δᾳσὶν
347 3804 632 3863 ἡμμέναις.
701 3802 804 3852 Cic.
836 3815 885 3862 p.
924 3802 1074 3851 Rosc.
1107 3800 1220 3851 Am.
1259 3803 1315 3862 ἐξ
1341 3800 1403 3850 66
1424 3801 1504 3851 67.
1573 3799 1700 3861 legg.
1723 3814 1745 3847 1
1774 3802 1885 3861 540
1916 3816 1993 3850 eos
2014 3804 2217 3863 aqitant
