<?xml version="1.0" encoding="UTF-8"?>
<!DOCTYPE html PUBLIC "-//W3C//DTD XHTML 1.0 Transitional//EN"
    "http://www.w3.org/TR/xhtml1/DTD/xhtml1-transitional.dtd">
<html xmlns="http://www.w3.org/1999/xhtml" xml:lang="en" lang="en">
 <head>
  <title>
</title>
<meta http-equiv="Content-Type" content="text/html;charset=utf-8" />
  <meta name='ocr-system' content='tesseract 3.04.00' />
  <meta name='ocr-capabilities' content='ocr_page ocr_carea ocr_par ocr_line ocrx_word'/>
</head>
<body>
  <div class='ocr_page' id='page_1' title='image "./thirteensatires06mayogoog_0217.png"; bbox 0 0 2725 4317; ppageno 0'>
   <div class='ocr_carea' id='block_1_1' title="bbox 85 266 2226 351">
    <p class='ocr_par' dir='ltr' id='par_1_1' title="bbox 85 266 2226 351">
     <span class='ocr_line' id='line_1_1' title="bbox 85 266 2226 351; baseline 0.004 -30"><span class='ocrx_word' id='word_1_1' title='bbox 85 266 358 340; x_wconf 74' lang='lat'>52—621</span> <span class='ocrx_word' id='word_1_2' title='bbox 490 275 887 327; x_wconf 61' lang='lat' dir='ltr'><strong><em>onicenses.</em></strong></span> <span class='ocrx_word' id='word_1_3' title='bbox 953 274 1380 330; x_wconf 76' lang='lat' dir='ltr'><strong><em>PLACENTAE.</em></strong></span> <span class='ocrx_word' id='word_1_4' title='bbox 1451 274 1797 326; x_wconf 69' lang='lat' dir='ltr'><strong><em>svmens.</em></strong></span> <span class='ocrx_word' id='word_1_5' title='bbox 2097 282 2226 351; x_wconf 87' lang='lat'><strong><em>191</em></strong></span> 
     </span>
    </p>
   </div>
   <div class='ocr_carea' id='block_1_2' title="bbox 94 422 2237 3914">
    <p class='ocr_par' dir='ltr' id='par_1_2' title="bbox 94 422 2229 1589">
     <span class='ocr_line' id='line_1_2' title="bbox 94 422 2226 487; baseline 0.001 -15"><span class='ocrx_word' id='word_1_6' title='bbox 94 422 421 472; x_wconf 76' lang='lat' dir='ltr'><strong><em>murderers</em></strong></span> <span class='ocrx_word' id='word_1_7' title='bbox 453 423 596 474; x_wconf 84' lang='lat' dir='ltr'><strong><em>Suet.</em></strong></span> <span class='ocrx_word' id='word_1_8' title='bbox 627 426 691 472; x_wconf 92' lang='grc'><strong>82</strong></span> <span class='ocrx_word' id='word_1_9' title='bbox 722 424 851 473; x_wconf 87' lang='lat' dir='ltr'><strong><em>ista</em></strong></span> <span class='ocrx_word' id='word_1_10' title='bbox 885 426 1088 487; x_wconf 81' lang='lat' dir='ltr'><strong><em>quidem</em></strong></span> <span class='ocrx_word' id='word_1_11' title='bbox 1108 427 1186 474; x_wconf 78' lang='lat' dir='ltr'><strong><em>vis</em></strong></span> <span class='ocrx_word' id='word_1_12' title='bbox 1210 432 1298 474; x_wconf 83' lang='lat' dir='ltr'><strong><em>est.</em></strong></span> <span class='ocrx_word' id='word_1_13' title='bbox 1364 425 1474 474; x_wconf 80' lang='lat' dir='ltr'><strong><em>Cic.</em></strong></span> <span class='ocrx_word' id='word_1_14' title='bbox 1508 424 1643 475; x_wconf 90' lang='lat' dir='ltr'><strong><em>Phil.</em></strong></span> <span class='ocrx_word' id='word_1_15' title='bbox 1672 425 1703 473; x_wconf 86' lang='grc'><strong>2</strong></span> <span class='ocrx_word' id='word_1_16' title='bbox 1727 423 1893 485; x_wconf 68' lang='lat'><strong><em>5541.</em></strong></span> <span class='ocrx_word' id='word_1_17' title='bbox 1916 425 1947 472; x_wconf 90' lang='grc'><strong>2</strong></span> <span class='ocrx_word' id='word_1_18' title='bbox 1970 438 2024 473; x_wconf 91' lang='lat' dir='ltr'><strong><em>n.</em></strong></span> <span class='ocrx_word' id='word_1_19' title='bbox 2091 422 2226 474; x_wconf 73' lang='lat' dir='ltr'><strong><em>Plio.</em></strong></span> 
     </span>
     <span class='ocr_line' id='line_1_3' title="bbox 96 488 2225 549; baseline 0 -13"><span class='ocrx_word' id='word_1_20' title='bbox 96 503 193 549; x_wconf 90' lang='lat' dir='ltr'><strong><em>ep.</em></strong></span> <span class='ocrx_word' id='word_1_21' title='bbox 224 501 288 534; x_wconf 73' lang='grc' dir='ltr'>Π</span> <span class='ocrx_word' id='word_1_22' title='bbox 310 489 340 535; x_wconf 92' lang='grc'><strong>2</strong></span> <span class='ocrx_word' id='word_1_23' title='bbox 364 489 391 546; x_wconf 63' lang='lat'>5</span> <span class='ocrx_word' id='word_1_24' title='bbox 413 488 446 535; x_wconf 88' lang='lat'>4</span> <span class='ocrx_word' id='word_1_25' title='bbox 468 504 558 536; x_wconf 89' lang='lat' dir='ltr'><strong><em>nec</em></strong></span> <span class='ocrx_word' id='word_1_26' title='bbox 582 489 724 537; x_wconf 84' lang='lat' dir='ltr'><strong><em>dolor</em></strong></span> <span class='ocrx_word' id='word_1_27' title='bbox 746 497 855 538; x_wconf 84' lang='lat' dir='ltr'><strong><em>erat</em></strong></span> <span class='ocrx_word' id='word_1_28' title='bbox 875 489 1007 548; x_wconf 87' lang='lat' dir='ltr'><strong><em>ille,</em></strong></span> <span class='ocrx_word' id='word_1_29' title='bbox 1036 492 1123 539; x_wconf 86' lang='lat' dir='ltr'><strong><em>sed</em></strong></span> <span class='ocrx_word' id='word_1_30' title='bbox 1145 492 1416 539; x_wconf 73' lang='lat' dir='ltr'><strong><em>ostentatio</em></strong></span> <span class='ocrx_word' id='word_1_31' title='bbox 1440 491 1647 538; x_wconf 88' lang='lat' dir='ltr'><strong><em>doloris.</em></strong></span> <span class='ocrx_word' id='word_1_32' title='bbox 2021 489 2094 547; x_wconf 89' lang='grc'><strong>53</strong></span> <span class='ocrx_word' id='word_1_33' title='bbox 2117 502 2225 536; x_wconf 78' lang='lat' dir='ltr'><strong><em>cm·</em></strong></span> 
     </span>
     <span class='ocr_line' id='line_1_4' title="bbox 98 552 2227 616; baseline 0 -16"><span class='ocrx_word' id='word_1_34' title='bbox 98 566 379 601; x_wconf 65' lang='lat' dir='ltr'><strong><em>canemus</em></strong></span> <span class='ocrx_word' id='word_1_35' title='bbox 399 566 435 601; x_wconf 81' lang='lat' dir='ltr'>x</span> <span class='ocrx_word' id='word_1_36' title='bbox 454 554 517 601; x_wconf 94' lang='grc'><strong><em>81</em></strong></span> <span class='ocrx_word' id='word_1_37' title='bbox 542 567 596 603; x_wconf 84' lang='grc'><strong><em>11.</em></strong></span> <span class='ocrx_word' id='word_1_38' title='bbox 623 552 759 601; x_wconf 89' lang='lat' dir='ltr'><strong><em>Plin.</em></strong></span> <span class='ocrx_word' id='word_1_39' title='bbox 777 568 858 615; x_wconf 89' lang='lat' dir='ltr'><strong><em>ep.</em></strong></span> <span class='ocrx_word' id='word_1_40' title='bbox 877 566 932 601; x_wconf 80' lang='lat'><strong><em>11</em></strong></span> <span class='ocrx_word' id='word_1_41' title='bbox 954 555 985 603; x_wconf 83' lang='lat'><strong>6</strong></span> <span class='ocrx_word' id='word_1_42' title='bbox 1008 569 1147 603; x_wconf 86' lang='lat' dir='ltr'><strong><em>omne</em></strong></span> <span class='ocrx_word' id='word_1_43' title='bbox 1171 554 1261 604; x_wconf 76' lang='lat' dir='ltr'><strong><em>hoc</em></strong></span> <span class='ocrx_word' id='word_1_44' title='bbox 1286 561 1475 616; x_wconf 80' lang='lat' dir='ltr'><strong><em>tempus</em></strong></span> <span class='ocrx_word' id='word_1_45' title='bbox 1499 556 1633 602; x_wconf 81' lang='lat' dir='ltr'><strong><em>inter</em></strong></span> <span class='ocrx_word' id='word_1_46' title='bbox 1646 556 1927 616; x_wconf 72' lang='lat' dir='ltr'><strong><em>puqillares</em></strong></span> <span class='ocrx_word' id='word_1_47' title='bbox 1947 568 2008 602; x_wconf 92' lang='lat' dir='ltr'><strong><em>ac</em></strong></span> <span class='ocrx_word' id='word_1_48' title='bbox 2031 554 2227 601; x_wconf 81' lang='lat' dir='ltr'><strong><em>libellos</em></strong></span> 
     </span>
     <span class='ocr_line' id='line_1_5' title="bbox 97 617 2227 680; baseline 0 -14"><span class='ocrx_word' id='word_1_49' title='bbox 97 618 496 666; x_wconf 78' lang='lat' dir='ltr'><strong><em>iucundissima</em></strong></span> <span class='ocrx_word' id='word_1_50' title='bbox 518 619 685 679; x_wconf 77' lang='lat' dir='ltr'><strong><em>quiete</em></strong></span> <span class='ocrx_word' id='word_1_51' title='bbox 708 621 985 667; x_wconf 85' lang='lat' dir='ltr'><strong><em>transmisi.</em></strong></span> <span class='ocrx_word' id='word_1_52' title='bbox 1044 623 1057 645; x_wconf 90' lang='lat'>‘</span> <span class='ocrx_word' id='word_1_53' title='bbox 1072 617 1502 680; x_wconf 80' lang='lat' dir='ltr'><strong><em>quemadmodum’</em></strong></span> <span class='ocrx_word' id='word_1_54' title='bbox 1524 620 1697 680; x_wconf 82' lang='lat' dir='ltr'><strong><em>inquis</em></strong></span> <span class='ocrx_word' id='word_1_55' title='bbox 1721 620 1802 667; x_wconf 85' lang='lat' dir='ltr'><strong><em>‘in</em></strong></span> <span class='ocrx_word' id='word_1_56' title='bbox 1822 621 1940 666; x_wconf 86' lang='lat' dir='ltr'><strong><em>urbe</em></strong></span> <span class='ocrx_word' id='word_1_57' title='bbox 1955 619 2175 680; x_wconf 80' lang='lat' dir='ltr'><strong><em>potuisti</em></strong></span> <span class='ocrx_word' id='word_1_58' title='bbox 2189 619 2227 666; x_wconf 62' lang='grc' dir='ltr'><strong><em>β’</em></strong></span> 
     </span>
     <span class='ocr_line' id='line_1_6' title="bbox 99 682 2226 744; baseline 0 -13"><span class='ocrx_word' id='word_1_59' title='bbox 99 682 443 731; x_wconf 73' lang='lat' dir='ltr'><strong>circenses</strong></span> <span class='ocrx_word' id='word_1_60' title='bbox 489 688 649 740; x_wconf 85' lang='lat' dir='ltr'><strong><em>erant,</em></strong></span> <span class='ocrx_word' id='word_1_61' title='bbox 701 698 798 744; x_wconf 80' lang='lat' dir='ltr'><strong><em>quo</em></strong></span> <span class='ocrx_word' id='word_1_62' title='bbox 841 697 1015 744; x_wconf 73' lang='lat' dir='ltr'><strong><em>yenere</em></strong></span> <span class='ocrx_word' id='word_1_63' title='bbox 1060 684 1339 744; x_wconf 73' lang='lat' dir='ltr'><strong><em>spectaculi</em></strong></span> <span class='ocrx_word' id='word_1_64' title='bbox 1395 698 1457 731; x_wconf 84' lang='lat' dir='ltr'><strong><em>ne</em></strong></span> <span class='ocrx_word' id='word_1_65' title='bbox 1505 684 1750 731; x_wconf 81' lang='lat' dir='ltr'><strong><em>levissime</em></strong></span> <span class='ocrx_word' id='word_1_66' title='bbox 1795 684 1995 744; x_wconf 80' lang='lat' dir='ltr'><strong><em>quidem</em></strong></span> <span class='ocrx_word' id='word_1_67' title='bbox 2044 689 2226 731; x_wconf 89' lang='lat' dir='ltr'><strong><em>teneor.</em></strong></span> 
     </span>
     <span class='ocr_line' id='line_1_7' title="bbox 99 746 2226 810; baseline 0 -15"><span class='ocrx_word' id='word_1_68' title='bbox 99 747 257 796; x_wconf 82' lang='lat' dir='ltr'><strong><em>nihil</em></strong></span> <span class='ocrx_word' id='word_1_69' title='bbox 278 761 479 806; x_wconf 81' lang='lat' dir='ltr'><strong><em>novum,</em></strong></span> <span class='ocrx_word' id='word_1_70' title='bbox 502 746 638 795; x_wconf 80' lang='lat' dir='ltr'><strong><em>nihil</em></strong></span> <span class='ocrx_word' id='word_1_71' title='bbox 658 749 875 808; x_wconf 87' lang='lat' dir='ltr'><strong><em>varium,</em></strong></span> <span class='ocrx_word' id='word_1_72' title='bbox 903 747 1038 796; x_wconf 79' lang='lat' dir='ltr'><strong><em>nihil</em></strong></span> <span class='ocrx_word' id='word_1_73' title='bbox 1071 748 1204 809; x_wconf 81' lang='lat' dir='ltr'><strong><em>quod</em></strong></span> <span class='ocrx_word' id='word_1_74' title='bbox 1236 762 1337 795; x_wconf 90' lang='lat' dir='ltr'><strong><em>non</em></strong></span> <span class='ocrx_word' id='word_1_75' title='bbox 1366 749 1518 795; x_wconf 84' lang='lat' dir='ltr'><strong><em>semel</em></strong></span> <span class='ocrx_word' id='word_1_76' title='bbox 1549 754 1796 808; x_wconf 70' lang='lat' dir='ltr'><em>spectasse</em></span> <span class='ocrx_word' id='word_1_77' title='bbox 1828 749 2061 808; x_wconf 84' lang='lat' dir='ltr'><strong><em>sufficiat.</em></strong></span> <span class='ocrx_word' id='word_1_78' title='bbox 2133 763 2226 810; x_wconf 77' lang='lat' dir='ltr'><strong><em>quo</em></strong></span> 
     </span>
     <span class='ocr_line' id='line_1_8' title="bbox 100 812 2226 874; baseline 0.001 -15"><span class='ocrx_word' id='word_1_79' title='bbox 100 813 280 872; x_wconf 74' lang='lat' dir='ltr'><strong><em>mayis</em></strong></span> <span class='ocrx_word' id='word_1_80' title='bbox 305 814 474 869; x_wconf 87' lang='lat' dir='ltr'><strong><em>miror,</em></strong></span> <span class='ocrx_word' id='word_1_81' title='bbox 499 817 572 860; x_wconf 81' lang='lat' dir='ltr'><strong><em>tot</em></strong></span> <span class='ocrx_word' id='word_1_82' title='bbox 592 813 743 860; x_wconf 89' lang='lat' dir='ltr'><strong><em>milia</em></strong></span> <span class='ocrx_word' id='word_1_83' title='bbox 763 814 987 860; x_wconf 78' lang='lat' dir='ltr'><strong><em>virorum</em></strong></span> <span class='ocrx_word' id='word_1_84' title='bbox 1020 819 1125 861; x_wconf 86' lang='lat' dir='ltr'><strong><em>tam</em></strong></span> <span class='ocrx_word' id='word_1_85' title='bbox 1148 813 1425 874; x_wconf 77' lang='lat' dir='ltr'><strong><em>pueriliter</em></strong></span> <span class='ocrx_word' id='word_1_86' title='bbox 1455 812 1734 860; x_wconf 79' lang='lat' dir='ltr'><strong><em>identidem</em></strong></span> <span class='ocrx_word' id='word_1_87' title='bbox 1765 827 1942 873; x_wconf 81' lang='lat' dir='ltr'><strong><em>cupere</em></strong></span> <span class='ocrx_word' id='word_1_88' title='bbox 1975 819 2226 861; x_wconf 85' lang='lat' dir='ltr'><strong><em>currentes</em></strong></span> 
     </span>
     <span class='ocr_line' id='line_1_9' title="bbox 104 875 2223 940; baseline 0 -16"><span class='ocrx_word' id='word_1_89' title='bbox 104 891 292 939; x_wconf 80' lang='lat' dir='ltr'><strong><em>equos,</em></strong></span> <span class='ocrx_word' id='word_1_90' title='bbox 326 878 612 924; x_wconf 68' lang='lat' dir='ltr'><strong><em>insistentes</em></strong></span> <span class='ocrx_word' id='word_1_91' title='bbox 646 878 872 925; x_wconf 86' lang='lat' dir='ltr'><strong><em>curribus</em></strong></span> <span class='ocrx_word' id='word_1_92' title='bbox 908 877 1126 925; x_wconf 81' lang='lat' dir='ltr'><strong><em>homines</em></strong></span> <span class='ocrx_word' id='word_1_93' title='bbox 1159 877 1349 932; x_wconf 85' lang='lat' dir='ltr'><strong><em>videre,</em></strong></span> <span class='ocrx_word' id='word_1_94' title='bbox 1387 879 1485 926; x_wconf 83' lang='lat' dir='ltr'><strong><em>etc.</em></strong></span> <span class='ocrx_word' id='word_1_95' title='bbox 1553 876 1617 926; x_wconf 77' lang='lat' dir='ltr'><strong><em>ef.</em></strong></span> <span class='ocrx_word' id='word_1_96' title='bbox 1653 875 1826 924; x_wconf 86' lang='lat' dir='ltr'><strong><em>Iulian</em></strong></span> <span class='ocrx_word' id='word_1_97' title='bbox 1861 875 1950 940; x_wconf 94' lang='lat' dir='ltr'><strong><em>(on</em></strong></span> <span class='ocrx_word' id='word_1_98' title='bbox 1981 891 2082 927; x_wconf 86' lang='lat' dir='ltr'><strong><em>ver.</em></strong></span> <span class='ocrx_word' id='word_1_99' title='bbox 2120 877 2223 940; x_wconf 90' lang='grc'><strong><em>50).</em></strong></span> 
     </span>
     <span class='ocr_line' id='line_1_10' title="bbox 103 941 2223 1005; baseline 0 -16"><span class='ocrx_word' id='word_1_100' title='bbox 103 941 231 991; x_wconf 79' lang='lat' dir='ltr'><strong><em>Iuv,</em></strong></span> <span class='ocrx_word' id='word_1_101' title='bbox 258 954 320 988; x_wconf 79' lang='lat' dir='ltr'><strong><em>vr</em></strong></span> <span class='ocrx_word' id='word_1_102' title='bbox 341 941 501 992; x_wconf 83' lang='grc'><strong>85-’1</strong></span> <span class='ocrx_word' id='word_1_103' title='bbox 532 942 771 989; x_wconf 81' lang='lat' dir='ltr'><strong><em>inmemor</em></strong></span> <span class='ocrx_word' id='word_1_104' title='bbox 801 942 901 989; x_wconf 88' lang='lat' dir='ltr'><strong><em>illa</em></strong></span> <span class='ocrx_word' id='word_1_105' title='bbox 933 942 1104 989; x_wconf 74' lang='lat' dir='ltr'><strong><em>domm</em></strong></span> <span class='ocrx_word' id='word_1_106' title='bbox 1138 947 1188 989; x_wconf 86' lang='lat' dir='ltr'><strong><em>et</em></strong></span> <span class='ocrx_word' id='word_1_107' title='bbox 1219 942 1446 1000; x_wconf 65' lang='lat' dir='ltr'><strong><em>coniugis</em></strong></span> <span class='ocrx_word' id='word_1_108' title='bbox 1480 948 1632 1002; x_wconf 80' lang='lat' dir='ltr'><strong><em>atque</em></strong></span> <span class='ocrx_word' id='word_1_109' title='bbox 1664 943 1848 989; x_wconf 83' lang='lat' dir='ltr'><strong><em>sororis</em></strong></span> <span class='ocrx_word' id='word_1_110' title='bbox 1876 941 1884 1005; x_wconf 99' lang='grc' dir='ltr'>Ι</span> <span class='ocrx_word' id='word_1_111' title='bbox 1913 943 1993 989; x_wconf 89' lang='lat' dir='ltr'><strong><em>nil</em></strong></span> <span class='ocrx_word' id='word_1_112' title='bbox 2017 944 2223 1004; x_wconf 79' lang='lat' dir='ltr'><strong><em>patriae</em></strong></span> 
     </span>
     <span class='ocr_line' id='line_1_11' title="bbox 104 1003 2225 1070; baseline 0 -17"><span class='ocrx_word' id='word_1_113' title='bbox 104 1006 361 1065; x_wconf 85' lang='lat' dir='ltr'><strong><em>indulsit,</em></strong></span> <span class='ocrx_word' id='word_1_114' title='bbox 382 1007 738 1067; x_wconf 80' lang='lat' dir='ltr'><strong><em>plorantesque</em></strong></span> <span class='ocrx_word' id='word_1_115' title='bbox 770 1006 994 1067; x_wconf 79' lang='lat' dir='ltr'><strong><em>improba</em></strong></span> <span class='ocrx_word' id='word_1_116' title='bbox 1026 1013 1191 1064; x_wconf 83' lang='lat' dir='ltr'><strong><em>natos,</em></strong></span> <span class='ocrx_word' id='word_1_117' title='bbox 1223 1003 1231 1070; x_wconf 94' lang='grc' dir='ltr'>Ι</span> <span class='ocrx_word' id='word_1_118' title='bbox 1258 1008 1325 1053; x_wconf 89' lang='lat' dir='ltr'><strong><em>ut</em></strong></span> <span class='ocrx_word' id='word_1_119' title='bbox 1349 1019 1463 1066; x_wconf 89' lang='lat' dir='ltr'><strong><em>que</em></strong></span> <span class='ocrx_word' id='word_1_120' title='bbox 1502 1004 1700 1066; x_wconf 85' lang='lat' dir='ltr'><strong><em>magis</em></strong></span> <span class='ocrx_word' id='word_1_121' title='bbox 1734 1007 2008 1067; x_wconf 73' lang='lat' dir='ltr'><strong><em>stupeaS,</em></strong></span> <span class='ocrx_word' id='word_1_122' title='bbox 2043 1005 2225 1054; x_wconf 88' lang='lat' dir='ltr'><strong><em>ludos</em></strong></span> 
     </span>
     <span class='ocr_line' id='line_1_12' title="bbox 106 1069 2226 1131; baseline -0 -11"><span class='ocrx_word' id='word_1_123' title='bbox 106 1069 550 1130; x_wconf 80' lang='lat' dir='ltr'><strong><em>Paridemque</em></strong></span> <span class='ocrx_word' id='word_1_124' title='bbox 572 1069 854 1131; x_wconf 88' lang='lat' dir='ltr'><strong><em>reliquit.</em></strong></span> <span class='ocrx_word' id='word_1_125' title='bbox 1499 1071 1573 1128; x_wconf 80' lang='lat'><strong><em>54</em></strong></span> <span class='ocrx_word' id='word_1_126' title='bbox 1606 1083 1882 1119; x_wconf 70' lang='lat' dir='ltr'><strong><em>smemms</em></strong></span> <span class='ocrx_word' id='word_1_127' title='bbox 1914 1084 1947 1118; x_wconf 87' lang='lat' dir='ltr'>x</span> <span class='ocrx_word' id='word_1_128' title='bbox 1979 1072 2092 1119; x_wconf 94' lang='grc'><strong>301.</strong></span> <span class='ocrx_word' id='word_1_129' title='bbox 2126 1084 2226 1119; x_wconf 82' lang='lat'>1111</span> 
     </span>
     <span class='ocr_line' id='line_1_13' title="bbox 108 1134 2226 1197; baseline 0 -14"><span class='ocrx_word' id='word_1_130' title='bbox 108 1136 233 1185; x_wconf 84' lang='lat'><strong><em>242.</em></strong></span> <span class='ocrx_word' id='word_1_131' title='bbox 801 1137 870 1194; x_wconf 82' lang='lat'><strong><em>55</em></strong></span> <span class='ocrx_word' id='word_1_132' title='bbox 895 1149 1268 1184; x_wconf 67' lang='lat' dir='ltr'><strong><em>nrruemnrnu</em></strong></span> <span class='ocrx_word' id='word_1_133' title='bbox 1289 1149 1343 1183; x_wconf 84' lang='lat' dir='ltr'><strong><em>v1</em></strong></span> <span class='ocrx_word' id='word_1_134' title='bbox 1369 1136 1444 1185; x_wconf 86' lang='lat'><strong><em>19.</em></strong></span> <span class='ocrx_word' id='word_1_135' title='bbox 1515 1135 1642 1184; x_wconf 85' lang='lat' dir='ltr'><strong><em>Hes.</em></strong></span> <span class='ocrx_word' id='word_1_136' title='bbox 1668 1150 1747 1197; x_wconf 87' lang='lat' dir='ltr'><strong><em>op.</em></strong></span> <span class='ocrx_word' id='word_1_137' title='bbox 1778 1137 1831 1184; x_wconf 77' lang='lat' dir='ltr'><strong><em>et</em></strong></span> <span class='ocrx_word' id='word_1_138' title='bbox 1853 1134 1904 1185; x_wconf 90' lang='lat' dir='ltr'><strong><em>d.</em></strong></span> <span class='ocrx_word' id='word_1_139' title='bbox 1931 1136 2025 1185; x_wconf 90' lang='lat'><strong><em>199</em></strong></span> <span class='ocrx_word' id='word_1_140' title='bbox 2047 1134 2226 1185; x_wconf 74' lang='grc' dir='ltr'>ἀθανά-</span> 
     </span>
     <span class='ocr_line' id='line_1_14' title="bbox 109 1199 2227 1266; baseline -0.001 -16"><span class='ocrx_word' id='word_1_141' title='bbox 109 1218 219 1250; x_wconf 72' lang='grc' dir='ltr'><strong><em>των</em></strong></span> <span class='ocrx_word' id='word_1_142' title='bbox 237 1202 369 1260; x_wconf 82' lang='grc' dir='ltr'><strong><em>μετὰ,</em></strong></span> <span class='ocrx_word' id='word_1_143' title='bbox 402 1204 555 1262; x_wconf 78' lang='grc' dir='ltr'>φῦλον</span> <span class='ocrx_word' id='word_1_144' title='bbox 588 1203 689 1250; x_wconf 68' lang='grc' dir='ltr'><strong><em>ἴτον</em></strong></span> <span class='ocrx_word' id='word_1_145' title='bbox 721 1199 996 1264; x_wconf 68' lang='grc' dir='ltr'>προλιπόντ’</span> <span class='ocrx_word' id='word_1_146' title='bbox 1020 1203 1292 1264; x_wconf 68' lang='grc' dir='ltr'><strong><em>ἀκθρώτους</em></strong></span> <span class='ocrx_word' id='word_1_147' title='bbox 1319 1199 1327 1266; x_wconf 85' lang='grc' dir='ltr'>Ι</span> <span class='ocrx_word' id='word_1_148' title='bbox 1356 1202 1510 1250; x_wconf 79' lang='grc' dir='ltr'><strong><em>Αἰδὼς</em></strong></span> <span class='ocrx_word' id='word_1_149' title='bbox 1541 1203 1620 1249; x_wconf 78' lang='grc' dir='ltr'><strong><em>καὶ</em></strong></span> <span class='ocrx_word' id='word_1_150' title='bbox 1651 1201 1873 1259; x_wconf 77' lang='grc' dir='ltr'><strong><em>Νέμεσις.</em></strong></span> <span class='ocrx_word' id='word_1_151' title='bbox 1944 1200 2017 1263; x_wconf 75' lang='lat'><strong><em>[⁶1</em></strong></span> <span class='ocrx_word' id='word_1_152' title='bbox 2040 1200 2227 1249; x_wconf 77' lang='lat' dir='ltr'><strong><em>should</em></strong></span> 
     </span>
     <span class='ocr_line' id='line_1_15' title="bbox 109 1263 2224 1328; baseline 0 -13"><span class='ocrx_word' id='word_1_153' title='bbox 109 1265 285 1322; x_wconf 78' lang='lat' dir='ltr'><strong><em>think</em></strong></span> <span class='ocrx_word' id='word_1_154' title='bbox 308 1264 399 1314; x_wconf 90' lang='lat' dir='ltr'><strong><em>the</em></strong></span> <span class='ocrx_word' id='word_1_155' title='bbox 420 1268 733 1328; x_wconf 73' lang='lat' dir='ltr'><strong><em>effuyientem</em></strong></span> <span class='ocrx_word' id='word_1_156' title='bbox 746 1266 800 1314; x_wconf 79' lang='lat' dir='ltr'><strong><em>oi</em></strong></span> <span class='ocrx_word' id='word_1_157' title='bbox 821 1265 903 1315; x_wconf 84' lang='grc' dir='ltr'><strong><em>Ρω</em></strong></span> <span class='ocrx_word' id='word_1_158' title='bbox 915 1280 1059 1314; x_wconf 90' lang='lat' dir='ltr'><strong><em>more</em></strong></span> <span class='ocrx_word' id='word_1_159' title='bbox 1074 1265 1403 1327; x_wconf 88' lang='lat' dir='ltr'><strong><em>picturesque</em></strong></span> <span class='ocrx_word' id='word_1_160' title='bbox 1420 1264 1524 1313; x_wconf 85' lang='lat' dir='ltr'><strong><em>and</em></strong></span> <span class='ocrx_word' id='word_1_161' title='bbox 1537 1265 1748 1313; x_wconf 80' lang='lat' dir='ltr'><strong><em>forcible</em></strong></span> <span class='ocrx_word' id='word_1_162' title='bbox 1770 1263 1900 1313; x_wconf 88' lang='lat' dir='ltr'><strong><em>than</em></strong></span> <span class='ocrx_word' id='word_1_163' title='bbox 1917 1266 2224 1327; x_wconf 62' lang='lat' dir='ltr'><strong><em>fugientem:</em></strong></span> 
     </span>
     <span class='ocr_line' id='line_1_16' title="bbox 110 1329 2222 1395; baseline 0 -17"><span class='ocrx_word' id='word_1_164' title='bbox 110 1329 213 1379; x_wconf 80' lang='lat' dir='ltr'><strong><em>the</em></strong></span> <span class='ocrx_word' id='word_1_165' title='bbox 238 1329 638 1391; x_wconf 83' lang='lat' dir='ltr'><strong><em>quasi-caesura,</em></strong></span> <span class='ocrx_word' id='word_1_166' title='bbox 663 1332 721 1394; x_wconf 83' lang='lat' dir='ltr'><strong><em>es</em></strong></span> <span class='ocrx_word' id='word_1_167' title='bbox 744 1329 752 1395; x_wconf 90' lang='grc' dir='ltr'>Ι</span> <span class='ocrx_word' id='word_1_168' title='bbox 767 1330 1047 1393; x_wconf 71' lang='lat' dir='ltr'><strong><em>suyientem</em></strong></span> <span class='ocrx_word' id='word_1_169' title='bbox 1077 1329 1248 1379; x_wconf 80' lang='lat' dir='ltr'><strong>would</strong></span> <span class='ocrx_word' id='word_1_170' title='bbox 1279 1329 1343 1378; x_wconf 88' lang='lat' dir='ltr'><strong><em>be</em></strong></span> <span class='ocrx_word' id='word_1_171' title='bbox 1376 1330 1481 1378; x_wconf 88' lang='lat' dir='ltr'><strong><em>like</em></strong></span> <span class='ocrx_word' id='word_1_172' title='bbox 1513 1329 1630 1378; x_wconf 87' lang='lat' dir='ltr'><strong><em>that</em></strong></span> <span class='ocrx_word' id='word_1_173' title='bbox 1663 1329 1721 1377; x_wconf 92' lang='lat' dir='ltr'><strong><em>in</em></strong></span> <span class='ocrx_word' id='word_1_174' title='bbox 1754 1329 1952 1378; x_wconf 83' lang='lat' dir='ltr'><strong><em>several</em></strong></span> <span class='ocrx_word' id='word_1_175' title='bbox 1973 1344 2144 1378; x_wconf 83' lang='lat' dir='ltr'><strong><em>verses</em></strong></span> <span class='ocrx_word' id='word_1_176' title='bbox 2167 1330 2222 1378; x_wconf 79' lang='lat' dir='ltr'><strong><em>oi</em></strong></span> 
     </span>
     <span class='ocr_line' id='line_1_17' title="bbox 111 1394 2229 1456; baseline -0 -13"><span class='ocrx_word' id='word_1_177' title='bbox 111 1395 279 1445; x_wconf 82' lang='lat' dir='ltr'><strong><em>Luer.</em></strong></span> <span class='ocrx_word' id='word_1_178' title='bbox 311 1409 368 1443; x_wconf 85' lang='lat' dir='ltr'><strong><em>as</em></strong></span> <span class='ocrx_word' id='word_1_179' title='bbox 390 1409 436 1442; x_wconf 91' lang='lat'><strong><em>11</em></strong></span> <span class='ocrx_word' id='word_1_180' title='bbox 458 1396 608 1453; x_wconf 79' lang='lat'>10593</span> <span class='ocrx_word' id='word_1_181' title='bbox 642 1394 747 1443; x_wconf 88' lang='lat' dir='ltr'><strong><em>and</em></strong></span> <span class='ocrx_word' id='word_1_182' title='bbox 779 1396 835 1443; x_wconf 81' lang='lat' dir='ltr'><strong><em>oi</em></strong></span> <span class='ocrx_word' id='word_1_183' title='bbox 865 1394 1029 1455; x_wconf 86' lang='lat' dir='ltr'><strong><em>Virgil</em></strong></span> <span class='ocrx_word' id='word_1_184' title='bbox 1063 1394 1166 1444; x_wconf 87' lang='lat' dir='ltr'><strong><em>and</em></strong></span> <span class='ocrx_word' id='word_1_185' title='bbox 1199 1394 1324 1445; x_wconf 89' lang='lat' dir='ltr'><strong><em>Hor.</em></strong></span> <span class='ocrx_word' id='word_1_186' title='bbox 1355 1409 1414 1444; x_wconf 90' lang='lat' dir='ltr'><strong><em>as</em></strong></span> <span class='ocrx_word' id='word_1_187' title='bbox 1435 1395 1743 1455; x_wconf 74' lang='lat' dir='ltr'><strong><em>maynanimi</em></strong></span> <span class='ocrx_word' id='word_1_188' title='bbox 1768 1396 1904 1443; x_wconf 87' lang='lat' dir='ltr'><strong><em>Iovis</em></strong></span> <span class='ocrx_word' id='word_1_189' title='bbox 1937 1396 1996 1442; x_wconf 85' lang='lat' dir='ltr'><strong><em>in</em></strong></span> <span class='ocrx_word' id='word_1_190' title='bbox 2011 1395 2018 1456; x_wconf 89' lang='grc' dir='ltr'>Ι</span> <span class='ocrx_word' id='word_1_191' title='bbox 2029 1402 2229 1455; x_wconf 63' lang='lat' dir='ltr'><strong><em>,oratum</em></strong></span> 
     </span>
     <span class='ocr_line' id='line_1_18' title="bbox 116 1458 2229 1522; baseline 0.001 -15"><span class='ocrx_word' id='word_1_192' title='bbox 116 1459 427 1521; x_wconf 67' lang='lat' dir='ltr'><strong><em>aslcendere</em></strong></span> <span class='ocrx_word' id='word_1_193' title='bbox 460 1462 643 1515; x_wconf 80' lang='lat' dir='ltr'><strong><em>cubile,</em></strong></span> <span class='ocrx_word' id='word_1_194' title='bbox 687 1475 786 1508; x_wconf 85' lang='lat' dir='ltr'><strong><em>non</em></strong></span> <span class='ocrx_word' id='word_1_195' title='bbox 819 1462 987 1521; x_wconf 80' lang='lat' dir='ltr'><strong><em>quivis</em></strong></span> <span class='ocrx_word' id='word_1_196' title='bbox 1019 1461 1159 1509; x_wconf 85' lang='lat' dir='ltr'><strong><em>videt</em></strong></span> <span class='ocrx_word' id='word_1_197' title='bbox 1189 1458 1540 1522; x_wconf 72' lang='lat' dir='ltr'><strong><em>inlmodulata</em></strong></span> <span class='ocrx_word' id='word_1_198' title='bbox 1573 1462 1672 1508; x_wconf 87' lang='lat' dir='ltr'><strong><em>etc.</em></strong></span> <span class='ocrx_word' id='word_1_199' title='bbox 1739 1458 1852 1508; x_wconf 83' lang='lat' dir='ltr'><strong><em>Iuv.</em></strong></span> <span class='ocrx_word' id='word_1_200' title='bbox 1886 1458 2100 1507; x_wconf 72' lang='lat' dir='ltr'><strong><em>himself</em></strong></span> <span class='ocrx_word' id='word_1_201' title='bbox 2141 1472 2229 1510; x_wconf 72' lang='lat' dir='ltr'><strong><em>XIV</em></strong></span> 
     </span>
     <span class='ocr_line' id='line_1_19' title="bbox 115 1522 1653 1589; baseline 0.001 -17"><span class='ocrx_word' id='word_1_202' title='bbox 115 1525 222 1573; x_wconf 89' lang='grc'><strong><em>108</em></strong></span> <span class='ocrx_word' id='word_1_203' title='bbox 247 1539 315 1572; x_wconf 78' lang='lat' dir='ltr'><strong><em>ex</em></strong></span> <span class='ocrx_word' id='word_1_204' title='bbox 341 1522 349 1589; x_wconf 91' lang='grc' dir='ltr'>Ι</span> <span class='ocrx_word' id='word_1_205' title='bbox 378 1539 566 1574; x_wconf 86' lang='lat' dir='ltr'><strong><em>ercere:</em></strong></span> <span class='ocrx_word' id='word_1_206' title='bbox 607 1538 640 1572; x_wconf 87' lang='lat' dir='ltr'>x</span> <span class='ocrx_word' id='word_1_207' title='bbox 662 1526 757 1572; x_wconf 83' lang='lat'><strong><em>358</em></strong></span> <span class='ocrx_word' id='word_1_208' title='bbox 778 1524 825 1572; x_wconf 87' lang='lat' dir='ltr'><strong><em>is</em></strong></span> <span class='ocrx_word' id='word_1_209' title='bbox 848 1538 977 1573; x_wconf 83' lang='lat' dir='ltr'><strong><em>even</em></strong></span> <span class='ocrx_word' id='word_1_210' title='bbox 998 1523 1247 1573; x_wconf 85' lang='lat' dir='ltr'><strong><em>harsher.&#39;</em></strong></span> <span class='ocrx_word' id='word_1_211' title='bbox 1304 1524 1376 1573; x_wconf 85' lang='lat' dir='ltr'><strong><em>H.</em></strong></span> <span class='ocrx_word' id='word_1_212' title='bbox 1394 1524 1455 1573; x_wconf 89' lang='lat' dir='ltr'><strong><em>A.</em></strong></span> <span class='ocrx_word' id='word_1_213' title='bbox 1475 1524 1523 1574; x_wconf 83' lang='lat' dir='ltr'><strong><em>J.</em></strong></span> <span class='ocrx_word' id='word_1_214' title='bbox 1542 1523 1653 1586; x_wconf 83' lang='lat' dir='ltr'><strong><em>M.].</em></strong></span> 
     </span>
    </p>

    <p class='ocr_par' dir='ltr' id='par_1_3' title="bbox 107 1589 2230 1910">
     <span class='ocr_line' id='line_1_20' title="bbox 224 1589 2229 1652; baseline 0.001 -16"><span class='ocrx_word' id='word_1_215' title='bbox 224 1590 457 1647; x_wconf 81' lang='grc'><strong>56-63.</strong></span> <span class='ocrx_word' id='word_1_216' title='bbox 532 1589 597 1637; x_wconf 82' lang='lat' dir='ltr'><strong><em>cf.</em></strong></span> <span class='ocrx_word' id='word_1_217' title='bbox 621 1589 748 1639; x_wconf 88' lang='lat' dir='ltr'><strong><em>Hor.</em></strong></span> <span class='ocrx_word' id='word_1_218' title='bbox 778 1604 817 1639; x_wconf 88' lang='lat' dir='ltr'><strong><em>s.</em></strong></span> <span class='ocrx_word' id='word_1_219' title='bbox 847 1602 892 1637; x_wconf 90' lang='lat'><strong><em>11</em></strong></span> <span class='ocrx_word' id='word_1_220' title='bbox 914 1590 943 1636; x_wconf 85' lang='lat'>2</span> <span class='ocrx_word' id='word_1_221' title='bbox 969 1589 1178 1639; x_wconf 82' lang='lat'><strong><em>89—93.</em></strong></span> <span class='ocrx_word' id='word_1_222' title='bbox 1213 1591 1243 1640; x_wconf 87' lang='grc'><strong>7</strong></span> <span class='ocrx_word' id='word_1_223' title='bbox 1277 1590 1488 1637; x_wconf 88' lang='grc'><strong>22-38.</strong></span> <span class='ocrx_word' id='word_1_224' title='bbox 1565 1603 1645 1652; x_wconf 87' lang='lat' dir='ltr'><strong><em>ep.</em></strong></span> <span class='ocrx_word' id='word_1_225' title='bbox 1682 1604 1702 1637; x_wconf 93' lang='lat'>1</span> <span class='ocrx_word' id='word_1_226' title='bbox 1736 1592 1765 1641; x_wconf 85' lang='lat'><strong>7</strong></span> <span class='ocrx_word' id='word_1_227' title='bbox 1797 1591 1861 1640; x_wconf 88' lang='grc'><strong>35</strong></span> <span class='ocrx_word' id='word_1_228' title='bbox 1886 1606 1977 1639; x_wconf 90' lang='lat' dir='ltr'><strong><em>nec</em></strong></span> <span class='ocrx_word' id='word_1_229' title='bbox 2007 1605 2229 1649; x_wconf 76' lang='lat' dir='ltr'><strong><em>somnum</em></strong></span> 
     </span>
     <span class='ocr_line' id='line_1_21' title="bbox 107 1652 2228 1721; baseline 0 -18"><span class='ocrx_word' id='word_1_230' title='bbox 107 1655 285 1721; x_wconf 77' lang='lat' dir='ltr'><strong><em>plebis</em></strong></span> <span class='ocrx_word' id='word_1_231' title='bbox 310 1654 460 1702; x_wconf 89' lang='lat' dir='ltr'><strong><em>laudo</em></strong></span> <span class='ocrx_word' id='word_1_232' title='bbox 482 1661 627 1702; x_wconf 88' lang='lat' dir='ltr'><strong><em>satur</em></strong></span> <span class='ocrx_word' id='word_1_233' title='bbox 647 1655 887 1702; x_wconf 87' lang='lat' dir='ltr'><strong><em>altilium.</em></strong></span> <span class='ocrx_word' id='word_1_234' title='bbox 957 1652 1030 1700; x_wconf 86' lang='lat' dir='ltr'><strong><em>To</em></strong></span> <span class='ocrx_word' id='word_1_235' title='bbox 1065 1653 1180 1715; x_wconf 81' lang='lat' dir='ltr'><strong><em>day,</em></strong></span> <span class='ocrx_word' id='word_1_236' title='bbox 1208 1652 1464 1712; x_wconf 88' lang='lat' dir='ltr'><strong><em>Persicus,</em></strong></span> <span class='ocrx_word' id='word_1_237' title='bbox 1523 1669 1590 1702; x_wconf 92' lang='lat' dir='ltr'><strong><em>ou</em></strong></span> <span class='ocrx_word' id='word_1_238' title='bbox 1613 1654 1749 1703; x_wconf 87' lang='lat' dir='ltr'><strong><em>shall</em></strong></span> <span class='ocrx_word' id='word_1_239' title='bbox 1768 1669 1925 1716; x_wconf 85' lang='lat' dir='ltr'><strong><em>prove</em></strong></span> <span class='ocrx_word' id='word_1_240' title='bbox 1946 1654 2179 1703; x_wconf 78' lang='lat' dir='ltr'><strong><em>whether</em></strong></span> <span class='ocrx_word' id='word_1_241' title='bbox 2200 1655 2228 1702; x_wconf 95' lang='lat' dir='ltr'>I</span> 
     </span>
     <span class='ocr_line' id='line_1_22' title="bbox 117 1669 2227 1782; baseline 0 -15"><span class='ocrx_word' id='word_1_242' title='bbox 117 1718 352 1782; x_wconf 85' lang='lat' dir='ltr'><strong><em>practise</em></strong></span> <span class='ocrx_word' id='word_1_243' title='bbox 382 1717 473 1766; x_wconf 87' lang='lat' dir='ltr'><strong><em>the</em></strong></span> <span class='ocrx_word' id='word_1_244' title='bbox 492 1718 639 1779; x_wconf 90' lang='lat' dir='ltr'><strong><em>plain</em></strong></span> <span class='ocrx_word' id='word_1_245' title='bbox 659 1717 822 1780; x_wconf 83' lang='lat' dir='ltr'><strong><em>living</em></strong></span> <span class='ocrx_word' id='word_1_246' title='bbox 843 1717 960 1767; x_wconf 76' lang='lat' dir='ltr'><strong><em>that</em></strong></span> <span class='ocrx_word' id='word_1_247' title='bbox 983 1718 1010 1766; x_wconf 94' lang='lat'>1</span> <span class='ocrx_word' id='word_1_248' title='bbox 1031 1718 1238 1779; x_wconf 83' lang='lat' dir='ltr'><strong><em>preach,</em></strong></span> <span class='ocrx_word' id='word_1_249' title='bbox 1274 1733 1332 1768; x_wconf 90' lang='lat' dir='ltr'><strong><em>or</em></strong></span> <span class='ocrx_word' id='word_1_250' title='bbox 1352 1718 1465 1768; x_wconf 84' lang='lat' dir='ltr'><strong><em>who</em></strong></span> <span class='ocrx_word' id='word_1_251' title='bbox 1487 1669 1599 1780; x_wconf 47' lang='lat' dir='ltr'><strong><em>her,</em></strong></span> <span class='ocrx_word' id='word_1_252' title='bbox 1629 1719 1761 1767; x_wconf 82' lang='lat' dir='ltr'><strong><em>after</em></strong></span> <span class='ocrx_word' id='word_1_253' title='bbox 1793 1718 2014 1780; x_wconf 82' lang='lat' dir='ltr'><strong><em>bawling</em></strong></span> <span class='ocrx_word' id='word_1_254' title='bbox 2053 1719 2227 1767; x_wconf 86' lang='lat' dir='ltr'><strong><em>‘make</em></strong></span> 
     </span>
     <span class='ocr_line' id='line_1_23' title="bbox 118 1781 2230 1846; baseline 0 -15"><span class='ocrx_word' id='word_1_255' title='bbox 118 1783 291 1846; x_wconf 86' lang='lat' dir='ltr'><strong><em>gruel,</em></strong></span> <span class='ocrx_word' id='word_1_256' title='bbox 332 1781 494 1843; x_wconf 87' lang='lat' dir='ltr'><strong><em>cook,’</em></strong></span> <span class='ocrx_word' id='word_1_257' title='bbox 534 1783 563 1830; x_wconf 93' lang='grc' dir='ltr'>Ι</span> <span class='ocrx_word' id='word_1_258' title='bbox 605 1782 825 1844; x_wconf 85' lang='lat' dir='ltr'><strong><em>whisper</em></strong></span> <span class='ocrx_word' id='word_1_259' title='bbox 874 1785 887 1809; x_wconf 89' lang='lat'>‘</span> <span class='ocrx_word' id='word_1_260' title='bbox 903 1785 1245 1831; x_wconf 85' lang='lat' dir='ltr'><strong><em>sweet-meats</em></strong></span> <span class='ocrx_word' id='word_1_261' title='bbox 1291 1782 1429 1845; x_wconf 85' lang='lat' dir='ltr'><strong><em>buy.’</em></strong></span> <span class='ocrx_word' id='word_1_262' title='bbox 1496 1783 1610 1831; x_wconf 90' lang='lat' dir='ltr'><strong><em>You</em></strong></span> <span class='ocrx_word' id='word_1_263' title='bbox 1648 1782 1751 1831; x_wconf 85' lang='lat' dir='ltr'><strong><em>will</em></strong></span> <span class='ocrx_word' id='word_1_264' title='bbox 1789 1783 1903 1831; x_wconf 85' lang='lat' dir='ltr'><strong><em>find</em></strong></span> <span class='ocrx_word' id='word_1_265' title='bbox 1946 1797 2035 1846; x_wconf 79' lang='lat' dir='ltr'><strong><em>my</em></strong></span> <span class='ocrx_word' id='word_1_266' title='bbox 2069 1783 2230 1833; x_wconf 86' lang='lat' dir='ltr'><strong><em>board</em></strong></span> 
     </span>
     <span class='ocr_line' id='line_1_24' title="bbox 119 1845 2030 1910; baseline 0.001 -13"><span class='ocrx_word' id='word_1_267' title='bbox 119 1846 445 1910; x_wconf 70' lang='lat' dir='ltr'><strong><em>patriarche]</em></strong></span> <span class='ocrx_word' id='word_1_268' title='bbox 468 1862 525 1896; x_wconf 85' lang='lat' dir='ltr'><strong><em>as</em></strong></span> <span class='ocrx_word' id='word_1_269' title='bbox 547 1845 833 1896; x_wconf 83' lang='lat' dir='ltr'><strong><em>Evander&#39;s</em></strong></span> <span class='ocrx_word' id='word_1_270' title='bbox 854 1846 1007 1896; x_wconf 81' lang='lat' dir='ltr'><strong><em>when</em></strong></span> <span class='ocrx_word' id='word_1_271' title='bbox 1027 1847 1095 1896; x_wconf 90' lang='lat' dir='ltr'><strong><em>he</em></strong></span> <span class='ocrx_word' id='word_1_272' title='bbox 1117 1847 1441 1896; x_wconf 74' lang='lat' dir='ltr'><strong><em>entertained</em></strong></span> <span class='ocrx_word' id='word_1_273' title='bbox 1463 1847 1714 1896; x_wconf 85' lang='lat' dir='ltr'><strong><em>Hercules</em></strong></span> <span class='ocrx_word' id='word_1_274' title='bbox 1739 1861 1796 1895; x_wconf 90' lang='lat' dir='ltr'><strong><em>or</em></strong></span> <span class='ocrx_word' id='word_1_275' title='bbox 1817 1847 2030 1898; x_wconf 79' lang='lat' dir='ltr'><strong><em>Aeneae.</em></strong></span> 
     </span>
    </p>

    <p class='ocr_par' dir='ltr' id='par_1_4' title="bbox 122 1910 2234 2816">
     <span class='ocr_line' id='line_1_25' title="bbox 262 1910 2045 1977; baseline 0.002 -18"><span class='ocrx_word' id='word_1_276' title='bbox 262 1913 338 1970; x_wconf 86' lang='lat'><strong><em>5¹7</em></strong></span> <span class='ocrx_word' id='word_1_277' title='bbox 361 1925 575 1960; x_wconf 75' lang='lat' dir='ltr'><strong><em>Pnnsrcn</em></strong></span> <span class='ocrx_word' id='word_1_278' title='bbox 598 1911 689 1959; x_wconf 89' lang='lat' dir='ltr'><strong><em>the</em></strong></span> <span class='ocrx_word' id='word_1_279' title='bbox 714 1910 1009 1977; x_wconf 82' lang='lat' dir='ltr'><strong><em>(unknown)</em></strong></span> <span class='ocrx_word' id='word_1_280' title='bbox 1034 1911 1206 1960; x_wconf 83' lang='lat' dir='ltr'><strong><em>friend</em></strong></span> <span class='ocrx_word' id='word_1_281' title='bbox 1226 1911 1396 1961; x_wconf 78' lang='lat' dir='ltr'><strong><em>whom</em></strong></span> <span class='ocrx_word' id='word_1_282' title='bbox 1419 1911 1533 1959; x_wconf 76' lang='lat' dir='ltr'><strong><em>lav·</em></strong></span> <span class='ocrx_word' id='word_1_283' title='bbox 1558 1912 1749 1960; x_wconf 83' lang='lat' dir='ltr'><strong><em>invites</em></strong></span> <span class='ocrx_word' id='word_1_284' title='bbox 1770 1914 1826 1959; x_wconf 88' lang='lat' dir='ltr'><strong><em>to</em></strong></span> <span class='ocrx_word' id='word_1_285' title='bbox 1848 1912 2045 1963; x_wconf 84' lang='lat' dir='ltr'><strong><em>dinner.</em></strong></span> 
     </span>
     <span class='ocr_line' id='line_1_26' title="bbox 342 1975 2228 2040; baseline 0.001 -16"><span class='ocrx_word' id='word_1_286' title='bbox 342 1977 416 2034; x_wconf 85' lang='lat'><strong><em>58</em></strong></span> <span class='ocrx_word' id='word_1_287' title='bbox 453 1990 687 2032; x_wconf 71' lang='lat' dir='ltr'><strong><em>emotus</em></strong></span> <span class='ocrx_word' id='word_1_288' title='bbox 725 1976 856 2025; x_wconf 90' lang='lat' dir='ltr'><strong><em>Hor.</em></strong></span> <span class='ocrx_word' id='word_1_289' title='bbox 891 1992 971 2040; x_wconf 90' lang='lat' dir='ltr'><strong><em>ep.</em></strong></span> <span class='ocrx_word' id='word_1_290' title='bbox 1002 1990 1053 2026; x_wconf 80' lang='lat'><strong><em>11</em></strong></span> <span class='ocrx_word' id='word_1_291' title='bbox 1089 1978 1117 2024; x_wconf 89' lang='lat'>1</span> <span class='ocrx_word' id='word_1_292' title='bbox 1156 1978 1249 2024; x_wconf 85' lang='lat'><strong><em>123</em></strong></span> <span class='ocrx_word' id='word_1_293' title='bbox 1287 1977 1420 2024; x_wconf 85' lang='lat' dir='ltr'><strong><em>vivit</em></strong></span> <span class='ocrx_word' id='word_1_294' title='bbox 1458 1975 1713 2035; x_wconf 79' lang='lat' dir='ltr'><strong><em>siliquis</em></strong></span> <span class='ocrx_word' id='word_1_295' title='bbox 1754 1984 1803 2024; x_wconf 85' lang='lat' dir='ltr'><strong><em>et</em></strong></span> <span class='ocrx_word' id='word_1_296' title='bbox 1831 1991 1965 2038; x_wconf 79' lang='lat' dir='ltr'><strong><em>pane</em></strong></span> <span class='ocrx_word' id='word_1_297' title='bbox 1996 1979 2228 2026; x_wconf 87' lang='lat' dir='ltr'><strong><em>secundo.</em></strong></span> 
     </span>
     <span class='ocr_line' id='line_1_27' title="bbox 122 2039 2222 2104; baseline 0 -14"><span class='ocrx_word' id='word_1_298' title='bbox 122 2041 270 2090; x_wconf 86' lang='lat' dir='ltr'><strong><em>Pers.</em></strong></span> <span class='ocrx_word' id='word_1_299' title='bbox 302 2054 369 2089; x_wconf 90' lang='lat'><strong><em>111</em></strong></span> <span class='ocrx_word' id='word_1_300' title='bbox 390 2042 472 2090; x_wconf 88' lang='lat'><strong><em>55.</em></strong></span> <span class='ocrx_word' id='word_1_301' title='bbox 829 2055 1024 2091; x_wconf 75' lang='lat' dir='ltr'><strong><em>rumne</em></strong></span> <span class='ocrx_word' id='word_1_302' title='bbox 1044 2055 1131 2089; x_wconf 78' lang='lat' dir='ltr'><strong><em>xxv</em></strong></span> <span class='ocrx_word' id='word_1_303' title='bbox 1155 2042 1246 2091; x_wconf 86' lang='grc'><strong><em>171</em></strong></span> <span class='ocrx_word' id='word_1_304' title='bbox 1269 2055 1321 2090; x_wconf 83' lang='grc'><strong><em>11.</em></strong></span> <span class='ocrx_word' id='word_1_305' title='bbox 1346 2039 1658 2100; x_wconf 81' lang='lat' dir='ltr'><strong><em>resembling</em></strong></span> <span class='ocrx_word' id='word_1_306' title='bbox 1677 2039 1768 2088; x_wconf 82' lang='lat' dir='ltr'><strong><em>the</em></strong></span> <span class='ocrx_word' id='word_1_307' title='bbox 1790 2040 1984 2089; x_wconf 86' lang='lat' dir='ltr'><strong><em>Italian</em></strong></span> <span class='ocrx_word' id='word_1_308' title='bbox 2001 2044 2222 2104; x_wconf 80' lang='lat' dir='ltr'><strong><em>polenta.</em></strong></span> 
     </span>
     <span class='ocr_line' id='line_1_28' title="bbox 675 2103 2228 2171; baseline 0.001 -17"><span class='ocrx_word' id='word_1_309' title='bbox 675 2108 746 2166; x_wconf 87' lang='grc'><strong>59</strong></span> <span class='ocrx_word' id='word_1_310' title='bbox 782 2121 840 2155; x_wconf 78' lang='lat' dir='ltr'><strong><em>m</em></strong></span> <span class='ocrx_word' id='word_1_311' title='bbox 872 2120 1008 2155; x_wconf 66' lang='lat' dir='ltr'><strong><em>Atrius</em></strong></span> <span class='ocrx_word' id='word_1_312' title='bbox 1031 2106 1155 2156; x_wconf 91' lang='lat' dir='ltr'><strong><em>Hor.</em></strong></span> <span class='ocrx_word' id='word_1_313' title='bbox 1187 2120 1229 2153; x_wconf 88' lang='lat' dir='ltr'><strong><em>s.</em></strong></span> <span class='ocrx_word' id='word_1_314' title='bbox 1254 2119 1275 2152; x_wconf 91' lang='lat'>1</span> <span class='ocrx_word' id='word_1_315' title='bbox 1299 2106 1329 2155; x_wconf 87' lang='grc'>9</span> <span class='ocrx_word' id='word_1_316' title='bbox 1352 2106 1384 2155; x_wconf 86' lang='grc'>9</span> <span class='ocrx_word' id='word_1_317' title='bbox 1408 2106 1472 2153; x_wconf 91' lang='grc'><strong>10</strong></span> <span class='ocrx_word' id='word_1_318' title='bbox 1504 2103 1569 2152; x_wconf 87' lang='lat' dir='ltr'><strong><em>in</em></strong></span> <span class='ocrx_word' id='word_1_319' title='bbox 1603 2119 1813 2152; x_wconf 86' lang='lat' dir='ltr'><strong><em>aurem</em></strong></span> <span class='ocrx_word' id='word_1_320' title='bbox 1841 2106 1849 2171; x_wconf 96' lang='grc' dir='ltr'>Ι</span> <span class='ocrx_word' id='word_1_321' title='bbox 1879 2107 2043 2154; x_wconf 81' lang='lat' dir='ltr'><strong><em>dicere</em></strong></span> <span class='ocrx_word' id='word_1_322' title='bbox 2064 2109 2228 2155; x_wconf 80' lang='lat' dir='ltr'><strong><em>nescio</em></strong></span> 
     </span>
     <span class='ocr_line' id='line_1_29' title="bbox 126 2170 2230 2234; baseline 0 -15"><span class='ocrx_word' id='word_1_323' title='bbox 126 2172 260 2234; x_wconf 81' lang='lat' dir='ltr'><strong><em>quid</em></strong></span> <span class='ocrx_word' id='word_1_324' title='bbox 281 2184 486 2232; x_wconf 86' lang='lat' dir='ltr'><strong><em>puero.</em></strong></span> <span class='ocrx_word' id='word_1_325' title='bbox 552 2170 727 2221; x_wconf 89' lang='lat' dir='ltr'><strong><em>Valek.</em></strong></span> <span class='ocrx_word' id='word_1_326' title='bbox 752 2186 821 2220; x_wconf 90' lang='lat' dir='ltr'><strong><em>on</em></strong></span> <span class='ocrx_word' id='word_1_327' title='bbox 841 2173 966 2221; x_wconf 88' lang='lat' dir='ltr'><strong><em>Eur.</em></strong></span> <span class='ocrx_word' id='word_1_328' title='bbox 994 2170 1154 2232; x_wconf 89' lang='lat' dir='ltr'><strong><em>Hipp.</em></strong></span> <span class='ocrx_word' id='word_1_329' title='bbox 1180 2171 1289 2220; x_wconf 83' lang='lat'><strong><em>936.</em></strong></span> <span class='ocrx_word' id='word_1_330' title='bbox 1804 2215 1807 2220; x_wconf 83' lang='grc'><em>,</em></span> <span class='ocrx_word' id='word_1_331' title='bbox 1944 2184 2230 2219; x_wconf 59' lang='lat' dir='ltr'><strong><em>emensus</em></strong></span> 
     </span>
     <span class='ocr_line' id='line_1_30' title="bbox 125 2234 2226 2298; baseline 0 -13"><span class='ocrx_word' id='word_1_332' title='bbox 125 2236 299 2285; x_wconf 86' lang='lat' dir='ltr'><strong><em>Lucil.</em></strong></span> <span class='ocrx_word' id='word_1_333' title='bbox 320 2235 379 2283; x_wconf 89' lang='lat' dir='ltr'><strong><em>in</em></strong></span> <span class='ocrx_word' id='word_1_334' title='bbox 399 2236 555 2285; x_wconf 88' lang='lat' dir='ltr'><strong><em>Prisc.</em></strong></span> <span class='ocrx_word' id='word_1_335' title='bbox 578 2251 599 2284; x_wconf 89' lang='lat'>1</span> <span class='ocrx_word' id='word_1_336' title='bbox 616 2237 711 2285; x_wconf 88' lang='grc'><strong><em>506</em></strong></span> <span class='ocrx_word' id='word_1_337' title='bbox 727 2237 891 2285; x_wconf 84' lang='lat' dir='ltr'><strong><em>Hertz</em></strong></span> <span class='ocrx_word' id='word_1_338' title='bbox 911 2238 1254 2297; x_wconf 73' lang='lat' dir='ltr'><strong><em>iucundaeque</em></strong></span> <span class='ocrx_word' id='word_1_339' title='bbox 1261 2249 1397 2297; x_wconf 78' lang='lat' dir='ltr'><strong><em>puer</em></strong></span> <span class='ocrx_word' id='word_1_340' title='bbox 1409 2237 1498 2298; x_wconf 75' lang='lat' dir='ltr'><strong><em>qui</em></strong></span> <span class='ocrx_word' id='word_1_341' title='bbox 1524 2236 1762 2284; x_wconf 87' lang='lat' dir='ltr'><strong><em>lamberat</em></strong></span> <span class='ocrx_word' id='word_1_342' title='bbox 1781 2250 1864 2284; x_wconf 87' lang='lat' dir='ltr'><strong><em>ore</em></strong></span> <span class='ocrx_word' id='word_1_343' title='bbox 1885 2234 2226 2296; x_wconf 76' lang='lat' dir='ltr'><strong><em>placentas,</em></strong></span> 
     </span>
     <span class='ocr_line' id='line_1_31' title="bbox 126 2299 2224 2362; baseline -0.001 -12"><span class='ocrx_word' id='word_1_344' title='bbox 126 2302 263 2350; x_wconf 88' lang='lat' dir='ltr'><strong><em>Hor.</em></strong></span> <span class='ocrx_word' id='word_1_345' title='bbox 289 2315 332 2348; x_wconf 89' lang='lat' dir='ltr'><strong><em>s.</em></strong></span> <span class='ocrx_word' id='word_1_346' title='bbox 357 2314 401 2347; x_wconf 91' lang='lat'><strong><em>11</em></strong></span> <span class='ocrx_word' id='word_1_347' title='bbox 423 2303 455 2349; x_wconf 89' lang='lat'>8</span> <span class='ocrx_word' id='word_1_348' title='bbox 477 2301 555 2352; x_wconf 84' lang='lat'><strong><em>24.</em></strong></span> <span class='ocrx_word' id='word_1_349' title='bbox 628 2299 778 2350; x_wconf 87' lang='lat' dir='ltr'><strong><em>Mart.</em></strong></span> <span class='ocrx_word' id='word_1_350' title='bbox 813 2315 880 2349; x_wconf 89' lang='lat'><strong><em>111</em></strong></span> <span class='ocrx_word' id='word_1_351' title='bbox 915 2303 975 2352; x_wconf 85' lang='lat'><strong><em>77</em></strong></span> <span class='ocrx_word' id='word_1_352' title='bbox 1012 2301 1137 2349; x_wconf 86' lang='lat'><strong><em>1—3</em></strong></span> <span class='ocrx_word' id='word_1_353' title='bbox 1170 2316 1261 2350; x_wconf 88' lang='lat' dir='ltr'><strong><em>nec</em></strong></span> <span class='ocrx_word' id='word_1_354' title='bbox 1297 2302 1495 2362; x_wconf 84' lang='lat' dir='ltr'><strong><em>mullus,</em></strong></span> <span class='ocrx_word' id='word_1_355' title='bbox 1530 2315 1620 2348; x_wconf 89' lang='lat' dir='ltr'><strong><em>nec</em></strong></span> <span class='ocrx_word' id='word_1_356' title='bbox 1656 2307 1701 2347; x_wconf 91' lang='lat' dir='ltr'><strong><em>te</em></strong></span> <span class='ocrx_word' id='word_1_357' title='bbox 1735 2301 1966 2359; x_wconf 86' lang='lat' dir='ltr'><strong><em>delectat,</em></strong></span> <span class='ocrx_word' id='word_1_358' title='bbox 2002 2301 2224 2360; x_wconf 86' lang='lat' dir='ltr'><strong><em>Baetice,</em></strong></span> 
     </span>
     <span class='ocr_line' id='line_1_32' title="bbox 130 2364 2230 2429; baseline -0.001 -15"><span class='ocrx_word' id='word_1_359' title='bbox 130 2367 331 2422; x_wconf 83' lang='lat' dir='ltr'><strong><em>turdus,</em></strong></span> <span class='ocrx_word' id='word_1_360' title='bbox 364 2364 371 2429; x_wconf 97' lang='grc' dir='ltr'>Ι</span> <span class='ocrx_word' id='word_1_361' title='bbox 397 2380 485 2414; x_wconf 90' lang='lat' dir='ltr'><strong><em>nec</em></strong></span> <span class='ocrx_word' id='word_1_362' title='bbox 509 2368 647 2427; x_wconf 75' lang='lat' dir='ltr'><strong><em>lepus</em></strong></span> <span class='ocrx_word' id='word_1_363' title='bbox 670 2372 744 2414; x_wconf 85' lang='lat' dir='ltr'><strong><em>est</em></strong></span> <span class='ocrx_word' id='word_1_364' title='bbox 763 2381 998 2428; x_wconf 77' lang='lat' dir='ltr'><strong><em>unquam,</em></strong></span> <span class='ocrx_word' id='word_1_365' title='bbox 1026 2380 1115 2414; x_wconf 90' lang='lat' dir='ltr'><strong><em>nec</em></strong></span> <span class='ocrx_word' id='word_1_366' title='bbox 1149 2366 1247 2413; x_wconf 87' lang='lat' dir='ltr'><strong><em>tibi</em></strong></span> <span class='ocrx_word' id='word_1_367' title='bbox 1278 2372 1453 2427; x_wconf 72' lang='lat' dir='ltr'><strong><em>qratus</em></strong></span> <span class='ocrx_word' id='word_1_368' title='bbox 1486 2380 1623 2426; x_wconf 83' lang='lat' dir='ltr'><strong><em>aper.</em></strong></span> <span class='ocrx_word' id='word_1_369' title='bbox 1653 2365 1664 2429; x_wconf 90' lang='grc' dir='ltr'>Ι</span> <span class='ocrx_word' id='word_1_370' title='bbox 1690 2379 1781 2413; x_wconf 83' lang='lat' dir='ltr'><strong><em>nec</em></strong></span> <span class='ocrx_word' id='word_1_371' title='bbox 1817 2371 1864 2413; x_wconf 86' lang='lat' dir='ltr'><strong><em>te</em></strong></span> <span class='ocrx_word' id='word_1_372' title='bbox 1896 2366 2003 2413; x_wconf 87' lang='lat' dir='ltr'><strong><em>liba</em></strong></span> <span class='ocrx_word' id='word_1_373' title='bbox 2030 2366 2230 2423; x_wconf 85' lang='lat' dir='ltr'><strong><em>iuvant,</em></strong></span> 
     </span>
     <span class='ocr_line' id='line_1_33' title="bbox 127 2429 2231 2491; baseline -0.001 -10"><span class='ocrx_word' id='word_1_374' title='bbox 127 2446 225 2480; x_wconf 85' lang='lat' dir='ltr'><strong><em>nec</em></strong></span> <span class='ocrx_word' id='word_1_375' title='bbox 247 2437 408 2478; x_wconf 82' lang='lat' dir='ltr'><strong><em>sectae</em></strong></span> <span class='ocrx_word' id='word_1_376' title='bbox 432 2432 630 2491; x_wconf 80' lang='lat' dir='ltr'><strong><em>quadra</em></strong></span> <span class='ocrx_word' id='word_1_377' title='bbox 650 2430 995 2490; x_wconf 79' lang='lat' dir='ltr'><strong><em>placentae.</em></strong></span> <span class='ocrx_word' id='word_1_378' title='bbox 1064 2430 1192 2478; x_wconf 87' lang='lat' dir='ltr'><strong><em>Cato</em></strong></span> <span class='ocrx_word' id='word_1_379' title='bbox 1214 2444 1258 2477; x_wconf 91' lang='lat' dir='ltr'><strong><em>r.</em></strong></span> <span class='ocrx_word' id='word_1_380' title='bbox 1275 2444 1317 2479; x_wconf 91' lang='lat' dir='ltr'><strong><em>r.</em></strong></span> <span class='ocrx_word' id='word_1_381' title='bbox 1342 2430 1550 2480; x_wconf 74' lang='lat'><strong><em>⁷6:77.</em></strong></span> <span class='ocrx_word' id='word_1_382' title='bbox 1848 2429 1921 2487; x_wconf 87' lang='grc'><strong><em>60</em></strong></span> <span class='ocrx_word' id='word_1_383' title='bbox 1945 2442 2231 2479; x_wconf 75' lang='lat' dir='ltr'><strong><em>Pnomssus</em></strong></span> 
     </span>
     <span class='ocr_line' id='line_1_34' title="bbox 130 2493 2231 2556; baseline -0 -12"><span class='ocrx_word' id='word_1_384' title='bbox 130 2493 357 2545; x_wconf 85' lang='lat' dir='ltr'><strong><em>Phaedr.</em></strong></span> <span class='ocrx_word' id='word_1_385' title='bbox 389 2508 441 2541; x_wconf 73' lang='grc' dir='ltr'>Π</span> <span class='ocrx_word' id='word_1_386' title='bbox 473 2494 666 2544; x_wconf 80' lang='lat'>25:24</span> <span class='ocrx_word' id='word_1_387' title='bbox 691 2496 751 2545; x_wconf 84' lang='lat'><strong><em>15</em></strong></span> <span class='ocrx_word' id='word_1_388' title='bbox 786 2493 861 2543; x_wconf 88' lang='lat' dir='ltr'><strong><em>ad</em></strong></span> <span class='ocrx_word' id='word_1_389' title='bbox 893 2508 1101 2543; x_wconf 88' lang='lat' dir='ltr'><strong><em>cenam</em></strong></span> <span class='ocrx_word' id='word_1_390' title='bbox 1134 2493 1301 2542; x_wconf 89' lang='lat' dir='ltr'><strong><em>mihi</em></strong></span> <span class='ocrx_word' id='word_1_391' title='bbox 1332 2494 1648 2556; x_wconf 78' lang='lat' dir='ltr'><strong><em>promitte.</em></strong></span> <span class='ocrx_word' id='word_1_392' title='bbox 1723 2493 1860 2542; x_wconf 90' lang='lat' dir='ltr'><strong><em>Plin.</em></strong></span> <span class='ocrx_word' id='word_1_393' title='bbox 1885 2508 1964 2555; x_wconf 91' lang='lat' dir='ltr'><strong><em>ep.</em></strong></span> <span class='ocrx_word' id='word_1_394' title='bbox 1992 2508 2015 2544; x_wconf 85' lang='lat'>1</span> <span class='ocrx_word' id='word_1_395' title='bbox 2047 2494 2110 2543; x_wconf 87' lang='lat'><strong><em>15</em></strong></span> <span class='ocrx_word' id='word_1_396' title='bbox 2142 2496 2168 2554; x_wconf 65' lang='grc' dir='ltr'>ἓ</span> <span class='ocrx_word' id='word_1_397' title='bbox 2203 2495 2231 2543; x_wconf 93' lang='grc'><strong><em>1</em></strong></span> 
     </span>
     <span class='ocr_line' id='line_1_35' title="bbox 133 2558 2230 2621; baseline -0.001 -12"><span class='ocrx_word' id='word_1_398' title='bbox 133 2562 259 2609; x_wconf 80' lang='lat' dir='ltr'><strong><em>heus</em></strong></span> <span class='ocrx_word' id='word_1_399' title='bbox 283 2566 354 2607; x_wconf 82' lang='lat' dir='ltr'><strong><em>tu.</em></strong></span> <span class='ocrx_word' id='word_1_400' title='bbox 388 2559 711 2620; x_wconf 79' lang='lat' dir='ltr'><strong><em>promittis</em></strong></span> <span class='ocrx_word' id='word_1_401' title='bbox 745 2558 820 2608; x_wconf 85' lang='lat' dir='ltr'><strong><em>ad</em></strong></span> <span class='ocrx_word' id='word_1_402' title='bbox 854 2573 1065 2607; x_wconf 89' lang='lat' dir='ltr'><strong><em>cenam</em></strong></span> <span class='ocrx_word' id='word_1_403' title='bbox 1086 2574 1176 2608; x_wconf 87' lang='lat' dir='ltr'><strong><em>nec</em></strong></span> <span class='ocrx_word' id='word_1_404' title='bbox 1198 2561 1353 2609; x_wconf 83' lang='lat' dir='ltr'><strong><em>venis.</em></strong></span> <span class='ocrx_word' id='word_1_405' title='bbox 1428 2559 1545 2609; x_wconf 84' lang='lat' dir='ltr'><strong><em>Sen.</em></strong></span> <span class='ocrx_word' id='word_1_406' title='bbox 1574 2558 1693 2608; x_wconf 90' lang='lat' dir='ltr'><strong><em>ben.</em></strong></span> <span class='ocrx_word' id='word_1_407' title='bbox 1718 2573 1773 2607; x_wconf 77' lang='lat' dir='ltr'><strong><em>iv</em></strong></span> <span class='ocrx_word' id='word_1_408' title='bbox 1795 2560 1859 2608; x_wconf 85' lang='lat'><strong><em>39</em></strong></span> <span class='ocrx_word' id='word_1_409' title='bbox 1891 2563 1919 2620; x_wconf 63' lang='grc' dir='ltr'><strong>ς</strong></span> <span class='ocrx_word' id='word_1_410' title='bbox 1943 2560 1986 2609; x_wconf 88' lang='grc'><strong><em>3.</em></strong></span> <span class='ocrx_word' id='word_1_411' title='bbox 2060 2572 2136 2621; x_wconf 89' lang='lat' dir='ltr'><strong><em>ep.</em></strong></span> <span class='ocrx_word' id='word_1_412' title='bbox 2167 2560 2230 2607; x_wconf 83' lang='lat'><strong><em>82</em></strong></span> 
     </span>
     <span class='ocr_line' id='line_1_36' title="bbox 130 2624 2228 2687; baseline 0 -15"><span class='ocrx_word' id='word_1_413' title='bbox 130 2629 160 2687; x_wconf 70' lang='lat' dir='ltr'><strong><em>g</em></strong></span> <span class='ocrx_word' id='word_1_414' title='bbox 186 2625 267 2672; x_wconf 87' lang='lat'><strong><em>21.</em></strong></span> <span class='ocrx_word' id='word_1_415' title='bbox 327 2624 444 2673; x_wconf 84' lang='lat' dir='ltr'><strong><em>Son.</em></strong></span> <span class='ocrx_word' id='word_1_416' title='bbox 471 2638 606 2673; x_wconf 79' lang='lat' dir='ltr'><strong><em>suas,</em></strong></span> <span class='ocrx_word' id='word_1_417' title='bbox 633 2624 663 2670; x_wconf 87' lang='lat'>2</span> <span class='ocrx_word' id='word_1_418' title='bbox 697 2627 723 2685; x_wconf 69' lang='lat'><strong>5</strong></span> <span class='ocrx_word' id='word_1_419' title='bbox 747 2625 808 2672; x_wconf 86' lang='lat'><strong><em>12</em></strong></span> <span class='ocrx_word' id='word_1_420' title='bbox 832 2625 1051 2673; x_wconf 86' lang='lat' dir='ltr'><strong><em>Sabinus</em></strong></span> <span class='ocrx_word' id='word_1_421' title='bbox 1085 2625 1455 2674; x_wconf 83' lang='lat' dir='ltr'><strong><em>Asilius...cum</em></strong></span> <span class='ocrx_word' id='word_1_422' title='bbox 1482 2624 1611 2672; x_wconf 80' lang='lat' dir='ltr'><strong><em>hanc</em></strong></span> <span class='ocrx_word' id='word_1_423' title='bbox 1642 2626 1940 2672; x_wconf 74' lang='lat' dir='ltr'><strong><em>sententiam</em></strong></span> <span class='ocrx_word' id='word_1_424' title='bbox 1971 2625 2228 2672; x_wconf 79' lang='lat' dir='ltr'><strong><em>Leonidae</em></strong></span> 
     </span>
     <span class='ocr_line' id='line_1_37' title="bbox 130 2685 2234 2751; baseline -0 -13"><span class='ocrx_word' id='word_1_425' title='bbox 130 2689 408 2738; x_wconf 78' lang='lat' dir='ltr'><strong><em>rettulisset</em></strong></span> <span class='ocrx_word' id='word_1_426' title='bbox 450 2685 880 2751; x_wconf 70' lang='grc' dir='ltr'>[ἀριστοποιεῖσθαι</span> <span class='ocrx_word' id='word_1_427' title='bbox 925 2690 986 2738; x_wconf 78' lang='grc' dir='ltr'><strong><em>ὠς</em></strong></span> <span class='ocrx_word' id='word_1_428' title='bbox 1030 2691 1080 2736; x_wconf 78' lang='grc' dir='ltr'><strong><em>ἐν</em></strong></span> <span class='ocrx_word' id='word_1_429' title='bbox 1122 2689 1241 2749; x_wconf 77' lang='grc' dir='ltr'><strong><em>ᾅδου</em></strong></span> <span class='ocrx_word' id='word_1_430' title='bbox 1281 2690 1707 2751; x_wconf 51' lang='grc' dir='ltr'>δειπνησομένουςι</span> <span class='ocrx_word' id='word_1_431' title='bbox 1749 2691 1857 2739; x_wconf 80' lang='lat' dir='ltr'><strong><em>ait:</em></strong></span> <span class='ocrx_word' id='word_1_432' title='bbox 1900 2704 1987 2750; x_wconf 74' lang='lat' dir='ltr'><strong><em>eyo</em></strong></span> <span class='ocrx_word' id='word_1_433' title='bbox 2031 2690 2118 2737; x_wconf 81' lang='lat' dir='ltr'><strong><em>illi</em></strong></span> <span class='ocrx_word' id='word_1_434' title='bbox 2161 2688 2234 2740; x_wconf 78' lang='lat' dir='ltr'><strong><em>ad</em></strong></span> 
     </span>
     <span class='ocr_line' id='line_1_38' title="bbox 131 2751 1635 2816; baseline 0 -15"><span class='ocrx_word' id='word_1_435' title='bbox 131 2752 473 2816; x_wconf 86' lang='lat' dir='ltr'><strong><em>prandium</em></strong></span> <span class='ocrx_word' id='word_1_436' title='bbox 505 2751 951 2813; x_wconf 83' lang='lat' dir='ltr'><strong><em>promisissem,</em></strong></span> <span class='ocrx_word' id='word_1_437' title='bbox 980 2755 1049 2800; x_wconf 89' lang='lat' dir='ltr'><strong><em>ad</em></strong></span> <span class='ocrx_word' id='word_1_438' title='bbox 1069 2768 1241 2801; x_wconf 88' lang='lat' dir='ltr'><strong><em>cenam</em></strong></span> <span class='ocrx_word' id='word_1_439' title='bbox 1260 2755 1635 2802; x_wconf 79' lang='lat' dir='ltr'><strong><em>renuntiassem.</em></strong></span> 
     </span>
    </p>

    <p class='ocr_par' dir='ltr' id='par_1_5' title="bbox 132 2817 2234 3394">
     <span class='ocr_line' id='line_1_39' title="bbox 134 2817 2227 2878; baseline 0.002 -13"><span class='ocrx_word' id='word_1_440' title='bbox 134 2818 212 2877; x_wconf 83' lang='lat'><strong><em>61</em></strong></span> <span class='ocrx_word' id='word_1_441' title='bbox 245 2830 530 2865; x_wconf 70' lang='lat' dir='ltr'><strong><em>nvmnmm</em></strong></span> <span class='ocrx_word' id='word_1_442' title='bbox 553 2817 681 2865; x_wconf 90' lang='lat' dir='ltr'><strong><em>Aen.</em></strong></span> <span class='ocrx_word' id='word_1_443' title='bbox 705 2831 803 2866; x_wconf 86' lang='lat' dir='ltr'>v111</span> <span class='ocrx_word' id='word_1_444' title='bbox 827 2817 922 2867; x_wconf 93' lang='grc'><strong>100</strong></span> <span class='ocrx_word' id='word_1_445' title='bbox 944 2819 1074 2868; x_wconf 87' lang='lat' dir='ltr'><strong><em>tum</em></strong></span> <span class='ocrx_word' id='word_1_446' title='bbox 1096 2832 1192 2865; x_wconf 88' lang='lat' dir='ltr'><strong><em>res</em></strong></span> <span class='ocrx_word' id='word_1_447' title='bbox 1215 2817 1431 2878; x_wconf 89' lang='lat' dir='ltr'><strong><em>inopes</em></strong></span> <span class='ocrx_word' id='word_1_448' title='bbox 1451 2817 1774 2867; x_wconf 85' lang='lat' dir='ltr'><strong><em>Evandrus</em></strong></span> <span class='ocrx_word' id='word_1_449' title='bbox 1807 2818 2087 2868; x_wconf 85' lang='lat' dir='ltr'><strong><em>habebat.</em></strong></span> <span class='ocrx_word' id='word_1_450' title='bbox 2156 2817 2227 2869; x_wconf 90' lang='lat' dir='ltr'><strong><em>ib.</em></strong></span> 
     </span>
     <span class='ocr_line' id='line_1_40' title="bbox 133 2879 2232 2945; baseline -0 -13"><span class='ocrx_word' id='word_1_451' title='bbox 133 2881 363 2932; x_wconf 79' lang='lat'>359—65</span> <span class='ocrx_word' id='word_1_452' title='bbox 419 2882 488 2929; x_wconf 87' lang='lat' dir='ltr'><strong><em>ad</em></strong></span> <span class='ocrx_word' id='word_1_453' title='bbox 542 2888 673 2930; x_wconf 86' lang='lat' dir='ltr'><strong><em>tecta</em></strong></span> <span class='ocrx_word' id='word_1_454' title='bbox 726 2884 958 2930; x_wconf 81' lang='lat' dir='ltr'><strong><em>subibant</em></strong></span> <span class='ocrx_word' id='word_1_455' title='bbox 986 2879 993 2945; x_wconf 93' lang='grc' dir='ltr'>Ι</span> <span class='ocrx_word' id='word_1_456' title='bbox 1020 2882 1311 2943; x_wconf 82' lang='lat' dir='ltr'><strong><em>pauperis</em></strong></span> <span class='ocrx_word' id='word_1_457' title='bbox 1365 2881 1662 2932; x_wconf 85' lang='lat' dir='ltr'><strong><em>Evandri:</em></strong></span> <span class='ocrx_word' id='word_1_458' title='bbox 1697 2907 1714 2924; x_wconf 77' lang='grc' dir='ltr'><strong>ο</strong></span> <span class='ocrx_word' id='word_1_459' title='bbox 1751 2907 1768 2924; x_wconf 90' lang='lat'><strong>·</strong></span> <span class='ocrx_word' id='word_1_460' title='bbox 1804 2907 1821 2924; x_wconf 77' lang='grc' dir='ltr'><strong>ο</strong></span> <span class='ocrx_word' id='word_1_461' title='bbox 1857 2882 2007 2932; x_wconf 89' lang='lat' dir='ltr'><strong><em>haec</em></strong></span> <span class='ocrx_word' id='word_1_462' title='bbox 2064 2885 2232 2944; x_wconf 83' lang='lat' dir='ltr'><strong><em>inquit</em></strong></span> 
     </span>
     <span class='ocr_line' id='line_1_41' title="bbox 132 2945 2232 3012; baseline 0 -16"><span class='ocrx_word' id='word_1_463' title='bbox 132 2946 359 2996; x_wconf 88' lang='lat' dir='ltr'><strong><em>limina</em></strong></span> <span class='ocrx_word' id='word_1_464' title='bbox 380 2945 577 2995; x_wconf 78' lang='lat' dir='ltr'><strong><em>vietor</em></strong></span> <span class='ocrx_word' id='word_1_465' title='bbox 606 2945 614 3011; x_wconf 98' lang='grc' dir='ltr'>Ι</span> <span class='ocrx_word' id='word_1_466' title='bbox 640 2946 886 2995; x_wconf 84' lang='lat' dir='ltr'><strong><em>Alcides</em></strong></span> <span class='ocrx_word' id='word_1_467' title='bbox 910 2945 1131 3007; x_wconf 88' lang='lat' dir='ltr'><strong><em>subiit;</em></strong></span> <span class='ocrx_word' id='word_1_468' title='bbox 1156 2948 1276 2995; x_wconf 81' lang='lat' dir='ltr'><strong><em>haec</em></strong></span> <span class='ocrx_word' id='word_1_469' title='bbox 1293 2948 1441 2995; x_wconf 87' lang='lat' dir='ltr'><strong><em>illum</em></strong></span> <span class='ocrx_word' id='word_1_470' title='bbox 1455 2949 1598 3009; x_wconf 68' lang='lat' dir='ltr'><strong><em>reyia</em></strong></span> <span class='ocrx_word' id='word_1_471' title='bbox 1613 2950 1759 3009; x_wconf 77' lang='lat' dir='ltr'><strong><em>cepit.</em></strong></span> <span class='ocrx_word' id='word_1_472' title='bbox 1792 2947 1800 3012; x_wconf 94' lang='grc' dir='ltr'>Ι</span> <span class='ocrx_word' id='word_1_473' title='bbox 1831 2947 1988 2996; x_wconf 86' lang='lat' dir='ltr'><strong><em>aude</em></strong></span> <span class='ocrx_word' id='word_1_474' title='bbox 2009 2947 2232 3007; x_wconf 81' lang='lat' dir='ltr'><strong><em>hospes</em></strong></span> 
     </span>
     <span class='ocr_line' id='line_1_42' title="bbox 133 3010 2233 3073; baseline -0.001 -12"><span class='ocrx_word' id='word_1_475' title='bbox 133 3013 532 3061; x_wconf 83' lang='lat' dir='ltr'><strong><em>contemnere</em></strong></span> <span class='ocrx_word' id='word_1_476' title='bbox 571 3025 731 3073; x_wconf 89' lang='lat' dir='ltr'><strong><em>opes,</em></strong></span> <span class='ocrx_word' id='word_1_477' title='bbox 778 3014 835 3060; x_wconf 86' lang='lat' dir='ltr'><strong><em>et</em></strong></span> <span class='ocrx_word' id='word_1_478' title='bbox 872 3013 934 3060; x_wconf 77' lang='lat' dir='ltr'><strong><em>te</em></strong></span> <span class='ocrx_word' id='word_1_479' title='bbox 972 3021 1212 3071; x_wconf 86' lang='lat' dir='ltr'><strong><em>quoque</em></strong></span> <span class='ocrx_word' id='word_1_480' title='bbox 1250 3010 1501 3071; x_wconf 87' lang='lat' dir='ltr'><strong><em>dignum</em></strong></span> <span class='ocrx_word' id='word_1_481' title='bbox 1530 3010 1539 3073; x_wconf 87' lang='grc' dir='ltr'>Ι</span> <span class='ocrx_word' id='word_1_482' title='bbox 1568 3011 1737 3072; x_wconf 79' lang='lat' dir='ltr'><strong><em>finge</em></strong></span> <span class='ocrx_word' id='word_1_483' title='bbox 1767 3013 1892 3070; x_wconf 90' lang='lat' dir='ltr'><strong><em>deo,</em></strong></span> <span class='ocrx_word' id='word_1_484' title='bbox 1930 3012 2233 3072; x_wconf 84' lang='lat' dir='ltr'><strong><em>rebusque</em></strong></span> 
     </span>
     <span class='ocr_line' id='line_1_43' title="bbox 133 3074 2231 3137; baseline -0.002 -11"><span class='ocrx_word' id='word_1_485' title='bbox 133 3074 281 3126; x_wconf 83' lang='lat' dir='ltr'><strong><em>veni</em></strong></span> <span class='ocrx_word' id='word_1_486' title='bbox 301 3090 423 3123; x_wconf 92' lang='lat' dir='ltr'><strong><em>non</em></strong></span> <span class='ocrx_word' id='word_1_487' title='bbox 446 3090 626 3137; x_wconf 85' lang='lat' dir='ltr'><strong><em>asper</em></strong></span> <span class='ocrx_word' id='word_1_488' title='bbox 657 3075 891 3137; x_wconf 82' lang='lat' dir='ltr'><strong><em>egenis.</em></strong></span> <span class='ocrx_word' id='word_1_489' title='bbox 960 3074 1071 3124; x_wconf 88' lang='lat' dir='ltr'><strong><em>&#39;I&#39;he</em></strong></span> <span class='ocrx_word' id='word_1_490' title='bbox 1093 3075 1498 3124; x_wconf 83' lang='lat' dir='ltr'><strong><em>entertainment</em></strong></span> <span class='ocrx_word' id='word_1_491' title='bbox 1520 3090 1589 3124; x_wconf 92' lang='lat' dir='ltr'><strong><em>on</em></strong></span> <span class='ocrx_word' id='word_1_492' title='bbox 1612 3091 1643 3125; x_wconf 88' lang='lat' dir='ltr'><strong><em>a</em></strong></span> <span class='ocrx_word' id='word_1_493' title='bbox 1665 3079 1776 3125; x_wconf 90' lang='lat' dir='ltr'><strong><em>seat</em></strong></span> <span class='ocrx_word' id='word_1_494' title='bbox 1799 3077 1853 3124; x_wconf 81' lang='lat' dir='ltr'><strong><em>of</em></strong></span> <span class='ocrx_word' id='word_1_495' title='bbox 1884 3077 2010 3133; x_wconf 83' lang='lat' dir='ltr'><strong><em>turi,</em></strong></span> <span class='ocrx_word' id='word_1_496' title='bbox 2032 3075 2231 3123; x_wconf 85' lang='lat' dir='ltr'><strong><em>Aeneas</em></strong></span> 
     </span>
     <span class='ocr_line' id='line_1_44' title="bbox 134 3138 2232 3201; baseline -0.001 -11"><span class='ocrx_word' id='word_1_497' title='bbox 134 3140 332 3200; x_wconf 83' lang='lat' dir='ltr'><strong><em>having</em></strong></span> <span class='ocrx_word' id='word_1_498' title='bbox 355 3139 443 3188; x_wconf 90' lang='lat' dir='ltr'><strong><em>the</em></strong></span> <span class='ocrx_word' id='word_1_499' title='bbox 464 3143 581 3201; x_wconf 85' lang='lat' dir='ltr'><strong><em>post</em></strong></span> <span class='ocrx_word' id='word_1_500' title='bbox 604 3140 659 3188; x_wconf 81' lang='lat' dir='ltr'><strong><em>of</em></strong></span> <span class='ocrx_word' id='word_1_501' title='bbox 691 3140 911 3197; x_wconf 89' lang='lat' dir='ltr'><strong><em>honour,</em></strong></span> <span class='ocrx_word' id='word_1_502' title='bbox 936 3155 967 3189; x_wconf 87' lang='lat' dir='ltr'><strong><em>a</em></strong></span> <span class='ocrx_word' id='word_1_503' title='bbox 990 3140 1162 3201; x_wconf 84' lang='lat' dir='ltr'><strong><em>maple</em></strong></span> <span class='ocrx_word' id='word_1_504' title='bbox 1184 3138 1343 3196; x_wconf 86' lang='lat' dir='ltr'><strong><em>chair,</em></strong></span> <span class='ocrx_word' id='word_1_505' title='bbox 1365 3140 1438 3189; x_wconf 87' lang='lat' dir='ltr'><strong><em>ib.</em></strong></span> <span class='ocrx_word' id='word_1_506' title='bbox 1465 3141 1657 3189; x_wconf 87' lang='grc'><strong>180--3</strong></span> <span class='ocrx_word' id='word_1_507' title='bbox 1690 3143 1885 3189; x_wconf 82' lang='lat' dir='ltr'><strong><em>viscera</em></strong></span> <span class='ocrx_word' id='word_1_508' title='bbox 1909 3148 2039 3189; x_wconf 85' lang='lat' dir='ltr'><strong><em>tosta</em></strong></span> <span class='ocrx_word' id='word_1_509' title='bbox 2052 3141 2232 3201; x_wconf 86' lang='lat' dir='ltr'><strong><em>serunt</em></strong></span> 
     </span>
     <span class='ocr_line' id='line_1_45' title="bbox 137 3203 2232 3269; baseline -0.002 -14"><span class='ocrx_word' id='word_1_510' title='bbox 137 3214 397 3255; x_wconf 82' lang='lat' dir='ltr'><strong><em>taurorum</em></strong></span> <span class='ocrx_word' id='word_1_511' title='bbox 419 3212 723 3266; x_wconf 82' lang='lat' dir='ltr'><strong><em>onerantque</em></strong></span> <span class='ocrx_word' id='word_1_512' title='bbox 741 3207 979 3254; x_wconf 84' lang='lat' dir='ltr'><strong><em>canistris</em></strong></span> <span class='ocrx_word' id='word_1_513' title='bbox 1007 3203 1015 3269; x_wconf 91' lang='grc' dir='ltr'>Ι</span> <span class='ocrx_word' id='word_1_514' title='bbox 1046 3206 1176 3253; x_wconf 86' lang='lat' dir='ltr'><strong><em>dona</em></strong></span> <span class='ocrx_word' id='word_1_515' title='bbox 1202 3206 1460 3253; x_wconf 83' lang='lat' dir='ltr'><strong><em>laboratae</em></strong></span> <span class='ocrx_word' id='word_1_516' title='bbox 1481 3206 1676 3255; x_wconf 82' lang='lat' dir='ltr'><strong><em>Cereris</em></strong></span> <span class='ocrx_word' id='word_1_517' title='bbox 1690 3207 2038 3265; x_wconf 84' lang='lat' dir='ltr'><strong><em>Bacchumque</em></strong></span> <span class='ocrx_word' id='word_1_518' title='bbox 2059 3206 2232 3253; x_wconf 82' lang='lat' dir='ltr'><strong><em>minis-</em></strong></span> 
     </span>
     <span class='ocr_line' id='line_1_46' title="bbox 138 3268 2232 3332; baseline -0.001 -13"><span class='ocrx_word' id='word_1_519' title='bbox 138 3276 295 3319; x_wconf 86' lang='lat' dir='ltr'><strong><em>trant.</em></strong></span> <span class='ocrx_word' id='word_1_520' title='bbox 326 3268 334 3332; x_wconf 79' lang='grc' dir='ltr'>Ι</span> <span class='ocrx_word' id='word_1_521' title='bbox 363 3271 583 3317; x_wconf 87' lang='lat' dir='ltr'><strong><em>vescitur</em></strong></span> <span class='ocrx_word' id='word_1_522' title='bbox 602 3273 794 3318; x_wconf 83' lang='lat' dir='ltr'><strong><em>Aeneas</em></strong></span> <span class='ocrx_word' id='word_1_523' title='bbox 816 3271 968 3318; x_wconf 83' lang='lat' dir='ltr'><strong><em>simul</em></strong></span> <span class='ocrx_word' id='word_1_524' title='bbox 993 3277 1042 3318; x_wconf 83' lang='lat' dir='ltr'><strong><em>et</em></strong></span> <span class='ocrx_word' id='word_1_525' title='bbox 1066 3270 1288 3318; x_wconf 86' lang='lat' dir='ltr'><strong><em>Troiana</em></strong></span> <span class='ocrx_word' id='word_1_526' title='bbox 1310 3271 1543 3316; x_wconf 87' lang='lat' dir='ltr'><strong><em>iuventus</em></strong></span> <span class='ocrx_word' id='word_1_527' title='bbox 1573 3268 1580 3332; x_wconf 92' lang='grc' dir='ltr'>Ι</span> <span class='ocrx_word' id='word_1_528' title='bbox 1602 3272 1836 3332; x_wconf 77' lang='lat' dir='ltr'><strong><em>perpetui</em></strong></span> <span class='ocrx_word' id='word_1_529' title='bbox 1859 3276 1995 3329; x_wconf 77' lang='lat' dir='ltr'><strong><em>teryo</em></strong></span> <span class='ocrx_word' id='word_1_530' title='bbox 2024 3270 2161 3317; x_wconf 87' lang='lat' dir='ltr'><strong><em>bovis</em></strong></span> <span class='ocrx_word' id='word_1_531' title='bbox 2184 3276 2232 3316; x_wconf 87' lang='lat' dir='ltr'><strong><em>et</em></strong></span> 
     </span>
     <span class='ocr_line' id='line_1_47' title="bbox 138 3332 2234 3394; baseline -0.001 -9"><span class='ocrx_word' id='word_1_532' title='bbox 138 3334 435 3385; x_wconf 86' lang='lat' dir='ltr'><strong><em>lustralibus</em></strong></span> <span class='ocrx_word' id='word_1_533' title='bbox 458 3336 603 3384; x_wconf 73' lang='lat' dir='ltr'><strong><em>extis.</em></strong></span> <span class='ocrx_word' id='word_1_534' title='bbox 642 3335 704 3382; x_wconf 79' lang='lat' dir='ltr'><strong><em>ci.</em></strong></span> <span class='ocrx_word' id='word_1_535' title='bbox 732 3334 825 3383; x_wconf 82' lang='lat' dir='ltr'><strong><em>Ov.</em></strong></span> <span class='ocrx_word' id='word_1_536' title='bbox 849 3349 918 3384; x_wconf 90' lang='lat' dir='ltr'><strong><em>m.</em></strong></span> <span class='ocrx_word' id='word_1_537' title='bbox 942 3348 1029 3382; x_wconf 82' lang='lat' dir='ltr'><strong><em>xiv</em></strong></span> <span class='ocrx_word' id='word_1_538' title='bbox 1050 3333 1165 3383; x_wconf 82' lang='lat'><strong><em>456.</em></strong></span> <span class='ocrx_word' id='word_1_539' title='bbox 1199 3332 1455 3394; x_wconf 84' lang='lat' dir='ltr'><strong><em>mythogr.</em></strong></span> <span class='ocrx_word' id='word_1_540' title='bbox 1480 3333 1595 3383; x_wconf 85' lang='lat' dir='ltr'><strong><em>Vat.</em></strong></span> <span class='ocrx_word' id='word_1_541' title='bbox 1626 3348 1646 3381; x_wconf 93' lang='lat'>1</span> <span class='ocrx_word' id='word_1_542' title='bbox 1669 3333 1769 3383; x_wconf 76' lang='lat' dir='ltr'><strong><em>fab.</em></strong></span> <span class='ocrx_word' id='word_1_543' title='bbox 1801 3335 1910 3383; x_wconf 87' lang='grc'><strong>202.</strong></span> <span class='ocrx_word' id='word_1_544' title='bbox 1954 3332 2234 3393; x_wconf 83' lang='lat' dir='ltr'><strong><em>Schwegler</em></strong></span> 
     </span>
    </p>

    <p class='ocr_par' dir='ltr' id='par_1_6' title="bbox 137 3398 2237 3914">
     <span class='ocr_line' id='line_1_48' title="bbox 137 3398 1911 3454; baseline -0.001 -7"><span class='ocrx_word' id='word_1_545' title='bbox 137 3414 163 3452; x_wconf 92' lang='lat'>1</span> <span class='ocrx_word' id='word_1_546' title='bbox 187 3398 397 3447; x_wconf 83' lang='lat'><strong><em>351—2.</em></strong></span> <span class='ocrx_word' id='word_1_547' title='bbox 431 3399 546 3448; x_wconf 89' lang='grc'><strong>357.</strong></span> <span class='ocrx_word' id='word_1_548' title='bbox 578 3399 690 3448; x_wconf 83' lang='grc'><strong>443.</strong></span> <span class='ocrx_word' id='word_1_549' title='bbox 877 3448 881 3454; x_wconf 81' lang='grc'>,</span> <span class='ocrx_word' id='word_1_550' title='bbox 1434 3411 1623 3445; x_wconf 75' lang='lat' dir='ltr'><strong><em>vnmns</em></strong></span> <span class='ocrx_word' id='word_1_551' title='bbox 1646 3399 1706 3446; x_wconf 87' lang='lat'><strong><em>65</em></strong></span> <span class='ocrx_word' id='word_1_552' title='bbox 1729 3400 1911 3447; x_wconf 85' lang='lat' dir='ltr'><strong><em>veniet.</em></strong></span> 
     </span>
     <span class='ocr_line' id='line_1_49' title="bbox 646 3461 2225 3523; baseline 0.002 -12"><span class='ocrx_word' id='word_1_553' title='bbox 646 3477 966 3512; x_wconf 72' lang='lat' dir='ltr'><strong><em>rmrnrnms</em></strong></span> <span class='ocrx_word' id='word_1_554' title='bbox 987 3462 1119 3512; x_wconf 91' lang='lat' dir='ltr'><strong><em>both</em></strong></span> <span class='ocrx_word' id='word_1_555' title='bbox 1141 3476 1197 3511; x_wconf 88' lang='lat' dir='ltr'><strong><em>as</em></strong></span> <span class='ocrx_word' id='word_1_556' title='bbox 1222 3462 1321 3523; x_wconf 82' lang='lat' dir='ltr'><strong><em>adj.</em></strong></span> <span class='ocrx_word' id='word_1_557' title='bbox 1349 3461 1515 3523; x_wconf 84' lang='lat' dir='ltr'><strong><em>(anth.</em></strong></span> <span class='ocrx_word' id='word_1_558' title='bbox 1541 3462 1649 3512; x_wconf 88' lang='lat' dir='ltr'><strong><em>Pal.</em></strong></span> <span class='ocrx_word' id='word_1_559' title='bbox 1676 3476 1730 3510; x_wconf 85' lang='lat' dir='ltr'><strong><em>1x</em></strong></span> <span class='ocrx_word' id='word_1_560' title='bbox 1750 3464 1844 3514; x_wconf 88' lang='grc'><strong><em>237</em></strong></span> <span class='ocrx_word' id='word_1_561' title='bbox 1868 3464 2225 3523; x_wconf 78' lang='grc' dir='ltr'>λειοντοπάλης.</span> 
     </span>
     <span class='ocr_line' id='line_1_50' title="bbox 139 3526 2228 3589; baseline -0 -11"><span class='ocrx_word' id='word_1_562' title='bbox 139 3526 348 3578; x_wconf 85' lang='lat' dir='ltr'><strong><em>Kallim.</em></strong></span> <span class='ocrx_word' id='word_1_563' title='bbox 385 3526 536 3577; x_wconf 89' lang='lat' dir='ltr'><strong><em>Dian.</em></strong></span> <span class='ocrx_word' id='word_1_564' title='bbox 576 3528 670 3576; x_wconf 87' lang='lat'><strong><em>146</em></strong></span> <span class='ocrx_word' id='word_1_565' title='bbox 704 3530 880 3587; x_wconf 80' lang='grc' dir='ltr'><strong>ἄκμων.</strong></span> <span class='ocrx_word' id='word_1_566' title='bbox 939 3528 1031 3578; x_wconf 80' lang='lat' dir='ltr'><strong><em>Ov.</em></strong></span> <span class='ocrx_word' id='word_1_567' title='bbox 1074 3529 1129 3578; x_wconf 89' lang='grc' dir='ltr'><strong><em>Τ.</em></strong></span> <span class='ocrx_word' id='word_1_568' title='bbox 1177 3529 1334 3576; x_wconf 83' lang='lat' dir='ltr'><strong><em>heros.</em></strong></span> <span class='ocrx_word' id='word_1_569' title='bbox 1395 3526 1522 3576; x_wconf 83' lang='lat' dir='ltr'><strong><em>Stat.</em></strong></span> <span class='ocrx_word' id='word_1_570' title='bbox 1574 3529 1629 3575; x_wconf 86' lang='grc' dir='ltr'><strong><em>Τ.</em></strong></span> <span class='ocrx_word' id='word_1_571' title='bbox 1667 3526 1856 3589; x_wconf 80' lang='lat' dir='ltr'><strong><em>pubes),</em></strong></span> <span class='ocrx_word' id='word_1_572' title='bbox 1918 3527 2023 3575; x_wconf 88' lang='lat' dir='ltr'><strong><em>and</em></strong></span> <span class='ocrx_word' id='word_1_573' title='bbox 2066 3528 2228 3578; x_wconf 86' lang='lat' dir='ltr'><strong><em>subst.</em></strong></span> 
     </span>
     <span class='ocr_line' id='line_1_51' title="bbox 143 3591 2234 3657; baseline 0 -16"><span class='ocrx_word' id='word_1_574' title='bbox 143 3593 311 3657; x_wconf 76' lang='lat' dir='ltr'><strong><em>(Vei-g.</em></strong></span> <span class='ocrx_word' id='word_1_575' title='bbox 334 3591 427 3640; x_wconf 86' lang='lat' dir='ltr'><strong><em>Ov.</em></strong></span> <span class='ocrx_word' id='word_1_576' title='bbox 454 3593 609 3653; x_wconf 83' lang='lat' dir='ltr'><strong><em>Stat.)</em></strong></span> <span class='ocrx_word' id='word_1_577' title='bbox 634 3592 838 3653; x_wconf 86' lang='lat' dir='ltr'><strong><em>applied</em></strong></span> <span class='ocrx_word' id='word_1_578' title='bbox 861 3595 915 3641; x_wconf 93' lang='lat' dir='ltr'><strong><em>to</em></strong></span> <span class='ocrx_word' id='word_1_579' title='bbox 937 3592 1203 3642; x_wconf 86' lang='lat' dir='ltr'><strong><em>Hercules.</em></strong></span> <span class='ocrx_word' id='word_1_580' title='bbox 1270 3591 1372 3639; x_wconf 86' lang='lat' dir='ltr'><strong><em>His</em></strong></span> <span class='ocrx_word' id='word_1_581' title='bbox 1395 3591 1599 3639; x_wconf 84' lang='lat' dir='ltr'><strong><em>mother</em></strong></span> <span class='ocrx_word' id='word_1_582' title='bbox 1619 3591 1868 3640; x_wconf 87' lang='lat' dir='ltr'><strong><em>Alcmena</em></strong></span> <span class='ocrx_word' id='word_1_583' title='bbox 1887 3591 1935 3640; x_wconf 90' lang='lat' dir='ltr'><strong><em>is</em></strong></span> <span class='ocrx_word' id='word_1_584' title='bbox 1959 3594 2234 3655; x_wconf 73' lang='lat' dir='ltr'><strong><em>Tirynthia</em></strong></span> 
     </span>
     <span class='ocr_line' id='line_1_52' title="bbox 139 3656 2235 3719; baseline -0.001 -11"><span class='ocrx_word' id='word_1_585' title='bbox 139 3658 201 3708; x_wconf 89' lang='lat' dir='ltr'><strong><em>in</em></strong></span> <span class='ocrx_word' id='word_1_586' title='bbox 224 3658 318 3705; x_wconf 86' lang='lat' dir='ltr'><strong><em>Ov.</em></strong></span> <span class='ocrx_word' id='word_1_587' title='bbox 346 3656 428 3719; x_wconf 80' lang='lat' dir='ltr'><strong><em>(cf.</em></strong></span> <span class='ocrx_word' id='word_1_588' title='bbox 453 3657 580 3705; x_wconf 85' lang='lat' dir='ltr'><strong><em>Eur.</em></strong></span> <span class='ocrx_word' id='word_1_589' title='bbox 603 3657 717 3707; x_wconf 86' lang='lat' dir='ltr'><strong><em>Alk.</em></strong></span> <span class='ocrx_word' id='word_1_590' title='bbox 741 3659 876 3717; x_wconf 82' lang='lat'><strong><em>838).</em></strong></span> <span class='ocrx_word' id='word_1_591' title='bbox 1803 3656 1876 3714; x_wconf 87' lang='lat'><strong><em>62</em></strong></span> <span class='ocrx_word' id='word_1_592' title='bbox 1911 3670 2235 3706; x_wconf 69' lang='lat' dir='ltr'><strong><em>commanus</em></strong></span> 
     </span>
     <span class='ocr_line' id='line_1_53' title="bbox 142 3719 2233 3782; baseline -0.001 -9"><span class='ocrx_word' id='word_1_593' title='bbox 142 3735 403 3773; x_wconf 58' lang='lat' dir='ltr'><strong><em>sisennus</em></strong></span> <span class='ocrx_word' id='word_1_594' title='bbox 440 3728 779 3770; x_wconf 69' lang='lat' dir='ltr'><strong><em>omnum·vi11</em></strong></span> <span class='ocrx_word' id='word_1_595' title='bbox 824 3724 871 3773; x_wconf 88' lang='grc'><strong><em>7.</em></strong></span> <span class='ocrx_word' id='word_1_596' title='bbox 932 3721 1052 3771; x_wconf 84' lang='lat' dir='ltr'><strong><em>Sen.</em></strong></span> <span class='ocrx_word' id='word_1_597' title='bbox 1095 3735 1235 3782; x_wconf 85' lang='lat' dir='ltr'><strong><em>apoc.</em></strong></span> <span class='ocrx_word' id='word_1_598' title='bbox 1281 3722 1311 3771; x_wconf 87' lang='grc'><strong>9</strong></span> <span class='ocrx_word' id='word_1_599' title='bbox 1350 3725 1379 3782; x_wconf 64' lang='grc' dir='ltr'><strong>ς</strong></span> <span class='ocrx_word' id='word_1_600' title='bbox 1423 3722 1453 3768; x_wconf 90' lang='grc'><strong>5</strong></span> <span class='ocrx_word' id='word_1_601' title='bbox 1488 3719 1739 3768; x_wconf 84' lang='lat' dir='ltr'><strong><em>Hercules</em></strong></span> <span class='ocrx_word' id='word_1_602' title='bbox 1780 3734 1897 3782; x_wconf 83' lang='lat' dir='ltr'><strong><em>says</em></strong></span> <span class='ocrx_word' id='word_1_603' title='bbox 1935 3735 2046 3769; x_wconf 86' lang='lat' dir='ltr'><strong><em>cum</em></strong></span> <span class='ocrx_word' id='word_1_604' title='bbox 2088 3724 2233 3770; x_wconf 83' lang='lat' dir='ltr'><strong><em>divus</em></strong></span> 
     </span>
     <span class='ocr_line' id='line_1_54' title="bbox 145 3784 2237 3847; baseline -0.001 -10"><span class='ocrx_word' id='word_1_605' title='bbox 145 3788 389 3837; x_wconf 87' lang='lat' dir='ltr'><strong><em>Claudius</em></strong></span> <span class='ocrx_word' id='word_1_606' title='bbox 425 3792 475 3834; x_wconf 87' lang='lat' dir='ltr'><strong><em>et</em></strong></span> <span class='ocrx_word' id='word_1_607' title='bbox 508 3787 680 3834; x_wconf 85' lang='lat' dir='ltr'><strong><em>divum</em></strong></span> <span class='ocrx_word' id='word_1_608' title='bbox 712 3788 991 3847; x_wconf 76' lang='lat' dir='ltr'><strong><em>Auyustum</em></strong></span> <span class='ocrx_word' id='word_1_609' title='bbox 1028 3785 1332 3846; x_wconf 85' lang='lat' dir='ltr'><strong><em>sanguine</em></strong></span> <span class='ocrx_word' id='word_1_610' title='bbox 1369 3784 1706 3846; x_wconf 83' lang='lat' dir='ltr'><strong><em>contingat,</em></strong></span> <span class='ocrx_word' id='word_1_611' title='bbox 1756 3801 1844 3835; x_wconf 87' lang='lat' dir='ltr'><strong><em>nec</em></strong></span> <span class='ocrx_word' id='word_1_612' title='bbox 1877 3787 2039 3834; x_wconf 85' lang='lat' dir='ltr'><strong><em>minus</em></strong></span> <span class='ocrx_word' id='word_1_613' title='bbox 2067 3787 2237 3834; x_wconf 87' lang='lat' dir='ltr'><strong><em>divam</em></strong></span> 
     </span>
     <span class='ocr_line' id='line_1_55' title="bbox 143 3851 2234 3914; baseline 0 -11"><span class='ocrx_word' id='word_1_614' title='bbox 143 3854 418 3914; x_wconf 73' lang='lat' dir='ltr'><strong><em>Auqustam</em></strong></span> <span class='ocrx_word' id='word_1_615' title='bbox 451 3852 626 3902; x_wconf 84' lang='lat' dir='ltr'><strong><em>aviam</em></strong></span> <span class='ocrx_word' id='word_1_616' title='bbox 659 3866 818 3912; x_wconf 84' lang='lat' dir='ltr'><strong><em>suam,</em></strong></span> <span class='ocrx_word' id='word_1_617' title='bbox 863 3866 1014 3913; x_wconf 81' lang='lat' dir='ltr'><strong><em>quam</em></strong></span> <span class='ocrx_word' id='word_1_618' title='bbox 1056 3852 1164 3913; x_wconf 77' lang='lat' dir='ltr'><strong><em>ipse</em></strong></span> <span class='ocrx_word' id='word_1_619' title='bbox 1203 3851 1347 3900; x_wconf 88' lang='lat' dir='ltr'><strong><em>deam</em></strong></span> <span class='ocrx_word' id='word_1_620' title='bbox 1392 3865 1491 3899; x_wconf 83' lang='lat' dir='ltr'><strong><em>esse</em></strong></span> <span class='ocrx_word' id='word_1_621' title='bbox 1529 3851 1932 3913; x_wconf 77' lang='lat' dir='ltr'><strong><em>iussit,...censeo</em></strong></span> <span class='ocrx_word' id='word_1_622' title='bbox 1972 3851 2053 3904; x_wconf 82' lang='lat' dir='ltr'><strong><em>uti</em></strong></span> <span class='ocrx_word' id='word_1_623' title='bbox 2089 3852 2234 3904; x_wconf 77' lang='lat' dir='ltr'><strong><em>divus</em></strong></span> 
     </span>
    </p>
   </div>
  </div>
 </body>
</html>
