2725 4317
198 277 322 358 {47
345 293 482 362 2481
879 287 1291 355 -Asrnonoer
1332 301 1409 357 m
1452 295 1666 358 Romu.
1741 337 1755 350 ·
2134 307 2278 387 ‘329

132 470 137 473 >
199 449 448 494 umus
473 446 604 495 Hor.
628 461 670 497 c.
700 461 766 496 111
788 448 850 497 18
871 450 902 497 3
923 449 956 496 4
977 452 1215 513 abeasque
1230 453 1407 513 parvis
1437 450 1446 517 Ι
1472 465 1658 515 aequus
1688 451 1957 501 alumnis
1981 451 2030 518 (i.
2040 466 2083 501 e.
2106 456 2162 501 to
2184 454 2276 502 the

200 509 369 557 lambs
393 510 497 558 and
518 510 668 574 kids).
728 512 909 564 HeinS.
940 528 1008 561 on
1031 514 1123 562 Ov.
1148 530 1217 562 m.
1242 530 1296 562 1v
1317 517 1429 563 421.

200 573 317 631 248
347 587 479 621 nors
509 588 891 625 uernumnms
925 591 1145 626 asumma
1166 592 1267 627 rm
1286 593 1351 626 111
1383 579 1542 628 42—4
1563 594 1615 629 n.
1685 595 1761 628 vn
1783 582 1879 629 200
1900 595 1954 629 n.
2020 595 2075 629 11
2096 583 2273 630 32-3.

200 649 237 684 x
280 637 342 687 94
384 651 436 687 n.
506 653 596 686 XVI
627 639 672 688 4.
747 641 876 689 Gen.
912 656 933 688 1
967 643 996 690 9
1031 646 1058 702 ἕ
1095 642 1124 690 6
1159 645 1336 703 vulqus
1373 650 1551 701 autem,
1593 659 1712 704 quos
1746 647 2007 707 qentilicio
2037 648 2274 694 vocabulo

202 699 551 750 Chaldaeos
593 705 756 752 dicere
799 711 1002 767 oportet,
1048 706 1522 755 mathematicos
1566 710 1708 757 dicit.
1781 709 1907 756 Cato
1942 723 1985 757 r.
2022 724 2063 757 r.
2103 710 2135 757 5
2174 714 2201 770 ς
2239 711 2274 757 4

201 778 389 825 among
436 767 577 815 rules
630 769 711 814 ior
752 768 842 817 the
894 768 1058 818 bailiff
1112 770 1327 835 (vilicus)
1385 772 1690 832 haruspicem
1742 787 1977 833 auqurem
2029 774 2275 821 hariolum

201 828 572 879 Chaldaeum
604 846 665 879 ne
699 848 840 893 quem
869 836 1167 882 consuluisse
1196 837 1332 884 velit.
1427 835 1567 883 Suet.
1596 835 1724 895 Aug.
1766 838 1829 885 94
1868 836 1958 884 fin.
1996 839 2054 884 in
2084 849 2273 885 secessu

198 894 497 955 Apolloniae
542 896 811 956 Theoqenis
853 898 1280 946 mathematici
1316 902 1577 960 perqulum
1619 902 1794 947 comite
1833 902 2059 961 Agrippa
2101 916 2269 949 ascen-

200 959 345 1005 derat
352 974 374 1013 ,·
408 972 520 1006 cum
538 962 805 1021 Aqrippae‚
845 965 933 1023 qui
957 963 1100 1024 prior
1137 964 1433 1022 consulebat,
1470 978 1651 1022 maqna
1682 970 1731 1011 et
1753 979 1917 1025 paene
1952 966 2270 1012 incredibilia

191 1023 625 1082 praedicerentur,
659 1025 918 1073 reticere
949 1026 1083 1087 ipse
1118 1026 1468 1087 genituram
1500 1039 1643 1074 suam
1673 1042 1762 1075 nec
1797 1029 1922 1075 velle
1945 1030 2083 1075 edere
2100 1043 2265 1089 perse-

199 1087 423 1142 verabat,
459 1094 591 1135 metu
629 1103 689 1136 ac
718 1091 909 1150 pudore
943 1104 1004 1138 ne
1037 1093 1199 1138 minor
1231 1093 1542 1138 inveniretur
1578 1091 1663 1151 [cf.
1700 1090 1791 1139 the
1832 1090 1985 1138 witch
2030 1106 2177 1139 scene
2210 1091 2266 1140 in

199 1148 478 1211 MacbethJ.
545 1166 643 1212 qua
667 1159 828 1200 tamen
842 1161 957 1214 post
976 1157 1158 1202 multas
1189 1156 1559 1202 adhortationes
1589 1157 1679 1201 vix
1712 1162 1760 1203 et
1791 1162 2082 1204 cunctanter
2111 1157 2266 1213 edita,

199 1214 404 1261 exilivit
427 1215 700 1275 Theoqenes
723 1219 1045 1278 adoravitque
1064 1233 1187 1266 eum.
1255 1225 1450 1265 tantam
1479 1233 1589 1265 mox
1607 1221 1853 1279 fiduciam
1875 1220 1985 1279 fati
2017 1222 2268 1281 Augustus

200 1278 394 1335 habuit,
438 1285 497 1327 ut
540 1282 702 1328 thema
737 1295 878 1328 suum
908 1283 1189 1341 vulqaverit
1219 1297 1559 1342 nummumque
1602 1290 1886 1342 argenteum
1927 1290 2046 1331 nota
2087 1285 2267 1331 sideris

202 1343 515 1401 Capricorni,
551 1358 647 1404 quo
683 1352 833 1393 natus
866 1351 952 1402 est,
981 1348 1297 1407 percusserit.
1364 1345 1476 1393 Tib.
1524 1345 1586 1393 14
1629 1348 1689 1394 de
1732 1348 1928 1408 infante
1973 1349 2266 1395 Scribonius

196 1404 676 1455 mathematicus
699 1410 965 1469 praeclara
986 1411 1263 1470 spopondit,
1303 1412 1457 1457 etiam
1485 1417 1807 1469 reqnaturum
1838 1413 2146 1472 quandoque,
2179 1411 2267 1459 sed

195 1471 306 1517 sine
349 1472 484 1529 reqio
527 1473 732 1531 insigni.
801 1472 870 1522 id.
909 1473 1041 1521 Nero
1075 1474 1121 1521 6.
1191 1474 1284 1523 See
1316 1474 1476 1521 above
1506 1474 1576 1521 all
1608 1474 1697 1520 the
1729 1488 1905 1534 poems
1936 1477 1989 1521 of
2021 1474 2267 1523 Manilius

199 1531 348 1593 (with
382 1534 622 1596 Scaliger)
656 1535 760 1583 and
791 1536 1034 1583 Manetho
1067 1536 1169 1584 and
1210 1536 1300 1584 the
1342 1537 1553 1584 treatise
1585 1538 1639 1586 of
1681 1537 1931 1586 Firmicus
1981 1539 2264 1589 Maternus,

197 1595 306 1645 Gis.
332 1596 394 1645 de
415 1597 573 1646 divin.
597 1614 641 1646 11
663 1600 715 1659 §g
738 1602 927 1650 87—99
954 1601 1255 1661 astrologers
1286 1599 1392 1648 had
1424 1600 1676 1660 promised
1708 1602 1997 1663 PompeiuS,
2034 1604 2265 1661 Crassus,

196 1660 403 1718 Caesar,
426 1662 540 1709 that
562 1663 686 1724 they
706 1663 875 1712 would
894 1663 975 1711 die
1007 1667 1062 1713 at
1082 1664 1234 1712 home
1266 1665 1323 1711 in
1355 1665 1439 1711 old
1472 1679 1563 1725 age
1586 1664 1688 1714 and
1708 1671 1848 1724 great
1869 1667 2028 1727 glory.
2076 1682 2097 1713 1
2119 1670 2145 1727 ξ
2170 1668 2263 1714 132

194 1740 301 1773 non
322 1726 474 1774 habeo
502 1728 707 1787 denique
729 1728 1013 1777 nauci...de
1046 1728 1209 1780 circo
1241 1729 1599 1788 astrologos,
1666 1728 1781 1778 Tac.
1821 1729 1875 1777 h.
1910 1744 1931 1777 1
1963 1731 2025 1777 22
2047 1734 2266 1790 arqenti-

196 1790 290 1836 bus
313 1792 463 1838 etiam
496 1791 972 1849 mathematicis,
1009 1793 1127 1839 dum
1144 1807 1292 1840 novos
1311 1799 1467 1840 motus
1488 1799 1536 1840 et
1558 1794 1749 1840 clarum
1773 1795 1956 1841 Othoni
1978 1809 2164 1842 annum
2183 1798 2264 1842 ob·-

193 1856 472 1901 servatione
493 1856 712 1903 siderum
733 1857 1013 1918 adfirmant,
1035 1871 1186 1915 qenus
1209 1858 1458 1904 hominum
1471 1858 1753 1916 potentibus
1774 1857 1997 1918 infidum,
2021 1862 2264 1919 speranti-

197 1918 290 1964 bus
300 1918 489 1977 fallax,
512 1919 644 1979 quod
675 1922 732 1967 in
764 1922 966 1968 civitate
998 1927 1170 1968 nostra
1201 1927 1250 1968 et
1280 1922 1531 1967 vetabitur
1561 1935 1748 1980 semper
1778 1928 1824 1968 et
1845 1923 2143 1969 retinebitur
2163 1925 2262 1971 cet.

193 1980 420 2028 Arellius
441 1982 637 2029 Fuscus
659 1982 715 2030 in
739 1983 855 2033 Sen.
885 1998 1020 2031 suas.
1054 1985 1086 2030 4
1118 1987 1147 2043 ἓ
1176 1985 1207 2030 2
1242 1986 1331 2045 qui
1361 1998 1477 2031 vero
1506 1985 1564 2030 in
1594 1984 1758 2031 media
1778 1998 1846 2043 se,
1872 1991 1930 2031 ut
1944 1985 2262 2044 praedicant,

182 2046 416 2107 fatorum
436 2048 606 2093 misere
621 2050 855 2108 piqnora,
873 2047 1114 2095 natales
1138 2048 1464 2107 inquirunt
1488 2054 1536 2094 et
1549 2050 1764 2109 primam
1785 2050 1897 2095 aevi
1922 2050 2091 2095 horam
2110 2063 2263 2096 anno-

192 2123 309 2156 rum
332 2110 512 2157 habent
531 2113 776 2168 nuntiam,
800 2126 895 2172 quo
915 2114 1071 2159 ierint
1098 2119 1228 2159 motu
1259 2113 1441 2170 sidera,
1477 2113 1534 2157 in
1566 2126 1689 2170 quas
1723 2112 2047 2160 discurrerint
2072 2120 2261 2173 partes,

193 2179 431 2221 contrane
463 2175 582 2222 deus
614 2177 821 2232 steterit,
851 2191 919 2223 an
943 2177 1180 2237 placidus
1209 2177 1477 2236 adfulserit
1510 2176 1612 2230 sol‚·
1658 2187 1727 2222 an
1759 2177 1957 2236 plenam
1988 2177 2159 2232 lucem,
2195 2190 2264 2225 an

194 2238 359 2284 initia
389 2240 632 2299 surqentis
665 2242 926 2301 acceperit,
961 2254 1029 2286 an
1060 2239 1313 2287 abdiderit
1344 2241 1402 2286 in
1431 2245 1620 2287 noctem
1650 2241 1905 2287 obscurum
1936 2246 2087 2300 caput
2108 2241 2228 2287 luna
2241 2257 2261 2297 ,-

196 2301 447 2349 Saturnus
468 2310 758 2362 nascentem,
786 2317 854 2351 an
875 2304 943 2352 ad
965 2305 1090 2352 bella
1110 2305 1250 2351 Mars
1271 2305 1496 2360 militem,
1519 2318 1589 2351 an
1612 2305 1912 2362 neqotiosum
1944 2305 2002 2350 in
2032 2310 2262 2363 quaestus

193 2366 478 2413 Mercurius
503 2369 747 2428 exceperit
763 2381 779 2414 .·
814 2382 883 2415 an
906 2368 1090 2416 blanda
1110 2369 1344 2415 adnuerit
1363 2367 1587 2415 nascenti
1615 2368 1789 2426 Venus,
1817 2382 1887 2415 an
1910 2380 1968 2415 ex
1996 2368 2174 2415 humili
2204 2370 2264 2416 in

194 2430 403 2477 sublime
424 2432 655 2492 Iuppiter
675 2433 861 2479 tulerit.
926 2435 953 2491 ς
975 2433 1004 2478 3
1020 2433 1279 2493 plerosque
1313 2433 1482 2478 diaeere
1504 2433 1735 2487 victuros,
1760 2438 1816 2479 at
1835 2433 1971 2478 nihil
2000 2433 2261 2479 metuentis

195 2496 437 2554 oppressit
459 2495 563 2542 dies
577 2512 598 2551 ,-
632 2496 754 2543 aliis
787 2496 958 2543 dedere
978 2496 1131 2557 finem
1145 2497 1493 2556 propinquum,
1517 2501 1573 2542 at
1603 2495 1688 2542 illi
1719 2496 2261 2557 superfuere...unicuia

197 2572 293 2618 que
313 2559 416 2605 ista
431 2573 525 2620 pro
547 2560 744 2620 inqenio
754 2560 1034 2621 finguntur,
1057 2574 1158 2607 non
1179 2574 1238 2607 ex
1248 2560 1356 2621 fide
1377 2561 1633 2606 scientiae.
1698 2558 1836 2606 Your
1859 2573 1951 2606 son
1972 2558 2068 2606 has
2089 2558 2261 2607 learnt

197 2622 334 2668 irom
355 2621 442 2669 the
465 2624 765 2683 astrologers
786 2637 914 2683 your
944 2624 1179 2684 nativity,
1213 2622 1316 2671 and
1346 2622 1437 2670 the
1467 2622 1646 2682 length
1680 2623 1734 2670 oi
1763 2622 1853 2670 the
1885 2621 2066 2670 thread
2085 2623 2140 2670 oi
2170 2622 2261 2670 life

197 2700 334 2745 spun
367 2688 458 2733 out
489 2687 569 2733 ior
599 2701 701 2747 you
725 2686 794 2748 by
813 2687 902 2734 the
933 2688 1079 2745 iates,
1115 2686 1207 2735 but
1239 2691 1429 2734 cannot
1457 2685 1575 2734 wait
1604 2685 1685 2733 till
1717 2686 1758 2734 it
1789 2686 1885 2734 has
1917 2686 1986 2734 au
2017 2700 2117 2734 run
2150 2690 2259 2735 outs

197 2750 318 2797 Tac.
342 2763 423 2799 an.
452 2764 495 2797 11
527 2752 589 2798 32
612 2750 698 2799 fin.
735 2764 835 2800 Aa).
878 2750 939 2799 16
961 2753 1109 2813 sacta
1142 2758 1191 2799 et
1221 2751 1282 2798 de
1314 2749 1779 2797 mathematicis
1810 2753 2062 2812 maqisque
2092 2752 2259 2799 Italia

187 2814 439 2876 pellendis
471 2822 669 2862 senatus
701 2817 957 2871 consulta,·
990 2829 1193 2876 quorum
1224 2829 1249 2862 e
1280 2828 1481 2863 numero
1512 2816 1575 2861 L.
1609 2815 1882 2862 Pituanius
1902 2829 2019 2862 saxo
2042 2816 2261 2862 deiectus

197 2884 288 2934 est,
302 2879 361 2925 in
380 2879 439 2927 P.
464 2880 713 2926 Marcium
728 2881 945 2927 consules
967 2885 1105 2926 extra
1111 2885 1310 2940 portam
1322 2878 1659 2938 Esquilinam,
1680 2892 1788 2925 cum
1809 2880 2070 2925 classicum
2084 2892 2260 2925 canere

195 2943 470 2998 iussissent,
493 2957 622 2990 more
635 2945 803 3004 prisco
826 2944 1093 2991 advertere.
1163 2943 1279 2991 Seu.
1304 2941 1495 3001 apocol.
1535 2943 1566 2989 3
1597 2945 1627 3001 ξ
1657 2943 1687 2987 2
1721 2941 2001 2989 Mercurius
2020 2940 2142 2988 took
2162 2956 2261 2988 one

196 3005 254 3052 oi
289 3005 379 3054 the
410 3006 601 3055 Parcae
633 3005 773 3054 aside
804 3006 908 3054 and
941 3005 1050 3054 said
1079 3015 1252 3068 patere
1284 3003 1757 3053 mathematicos
1788 3006 2061 3066 aliquando
2092 3019 2261 3052 verum

196 3071 376 3126 dicere,
393 3073 479 3131 qui
495 3072 654 3131 illum,
673 3085 732 3118 ex
748 3084 843 3132 quo
847 3072 1079 3131 princeps
1083 3072 1255 3131 factus
1272 3077 1359 3126 est,
1377 3070 1595 3116 omnibus
1610 3070 1775 3125 annis,
1790 3070 2008 3117 ommibus
2019 3070 2261 3116 mensibus

195 3134 420 3195 efferunt.
492 3133 724 3182 Tiberius
745 3147 846 3182 was
868 3133 1075 3181 himself
1106 3149 1174 3182 an
1203 3135 1393 3194 expert‚
1415 3132 1519 3179 and
1543 3131 1757 3180 foretold
1785 3130 1874 3179 the
1899 3132 2000 3179 rise
2022 3132 2075 3179 of
2096 3131 2261 3179 Galba

197 3197 316 3245 Tac.
340 3211 422 3247 an.
449 3209 502 3246 π
524 3199 604 3246 20.
628 3199 690 3245 21
721 3197 807 3245 his
837 3200 1028 3246 master
1049 3197 1364 3246 Thrasullus.
1402 3197 1463 3243 22
1494 3203 1702 3243 ceterum
1722 3197 1957 3258 plurimis
1977 3197 2261 3243 mortalium

194 3275 298 3309 non
339 3263 590 3319 eximitur,
629 3263 753 3324 quin
785 3260 981 3323 primo
1025 3260 1318 3322 cuiusque
1358 3263 1499 3308 ortu
1533 3262 1793 3310 ventura
1824 3258 2258 3319 destinentu13

194 3326 284 3373 sed
305 3327 545 3386 quaedam
563 3340 717 3383 secus,
742 3341 890 3389 quam
910 3327 1046 3374 dicta
1066 3328 1187 3383 sint,
1203 3327 1377 3374 cadere
1390 3325 1626 3387 fallaciis
1644 3326 1827 3383 iqnara
1849 3324 2121 3370 dicentium
2136 3339 2152 3370 .-
2176 3325 2259 3369 ita

196 3391 442 3451 corrumpi
464 3391 621 3452 fidem
651 3393 792 3446 artis,
827 3391 967 3438 cuius
999 3392 1140 3437 clara
1174 3391 1462 3438 documenta
1498 3395 1546 3436 et
1580 3389 1793 3448 antiqua
1825 3394 1964 3434 aetas
2002 3394 2050 3434 et
2086 3393 2258 3433 nostra

198 3455 386 3501 tulerit.
453 3455 632 3515 quippe
655 3469 688 3501 a
697 3455 816 3515 filio
839 3455 1053 3502 eiusdem
1075 3454 1332 3502 Thrasulli
1346 3454 1662 3513 praedictum
1687 3452 1899 3500 Neronis
1921 3452 2182 3510 imperium
2201 3452 2261 3499 in

196 3524 405 3577 tempore
420 3519 775 3565 memorabitur.
837 3518 900 3567 ci.
923 3517 1111 3568 DCass.
1134 3531 1221 3565 mn
1244 3518 1306 3566 19
1326 3519 1380 3577 §g
1397 3517 1426 3563 3
1449 3515 1495 3565 4.
1523 3529 1612 3562 mu
1632 3517 1662 3562 2
1685 3515 1775 3576 gl.
1833 3514 1969 3564 Suet.
2000 3512 2151 3572 Galig.
2179 3515 2257 3564 19.

195 3579 315 3628 Tac.
337 3594 423 3628 m
456 3581 518 3628 14
548 3594 649 3630 Aa).
678 3581 740 3629 66
773 3580 1026 3629 Antistius
1063 3580 1308 3630 Sosianus
1342 3579 1402 3628 in
1436 3579 1563 3626 exile
1603 3579 1790 3639 sought
1828 3580 1917 3626 out
1950 3579 2260 3626 Pammenem

193 3646 409 3694 eiusdem
441 3646 536 3693 loci
568 3648 754 3693 eoeulem
783 3652 832 3693 et
863 3644 1312 3694 Chaldaeorum
1344 3645 1481 3692 arte
1513 3642 1812 3691 famosum
1832 3656 1978 3703 eoque
2000 3643 2261 3690 multorum

193 3710 435 3757 amicitiis
457 3710 1015 3765 inneaeum‚...ventitare
1036 3711 1106 3757 ad
1127 3723 1236 3758 eum
1254 3710 1456 3757 nuntios
1477 3713 1523 3754 et
1544 3708 1924 3755 consultationes
1945 3720 2046 3753 non
2058 3706 2260 3767 frustra

191 3781 334 3822 ratus
347 3790 368 3829 ,·
404 3775 550 3821 simul
578 3788 797 3820 annuam
813 3775 1080 3833 pecuniam
1100 3790 1134 3822 a
1153 3774 1216 3821 P.
1239 3774 1421 3821 Anteio
1442 3772 1724 3818 ministrari
1746 3771 2009 3830 coquoscit.
2077 3768 2159 3816 He
2178 3768 2258 3816 in-

190 3838 414 3898 tercepte
444 3837 674 3884 Anteius’
706 3836 901 3893 letters,
914 3837 1121 3899 furatus
1151 3839 1306 3886 etiam
1333 3835 1543 3893 libellos,
1577 3836 1755 3896 quibus
1784 3832 1916 3882 dies
1955 3846 2023 3893 ge
2036 3831 2258 3888 uitalis
