2725 4317
183 264 318 326 110]
662 262 972 314 NOSTRAS
1017 264 1411 327 GRAIASQUE
1457 264 1797 315 ATHENAsz
2118 252 2251 343 381

179 420 453 469 notissimis
488 421 766 470 doctoribus
791 436 994 484 pereyre
1039 422 1323 478 docuerunt,
1358 419 1617 469 maxime
1659 420 1727 467 in
1770 418 1978 469 Gallia
2017 420 2255 480 togata.

180 485 380 533 Fronto
400 485 460 535 fr.
492 486 522 534 6
557 485 724 533 Naber
747 485 805 533 in
840 485 1148 534 Consentius
1183 499 1236 546 p.
1270 486 1397 533 2031
1424 485 1485 533 16
1506 485 1548 532 Ρ
1580 486 1704 533 illae
1742 491 1932 533 vestrae
1970 483 2253 532 Athenae

178 548 348 597 Dora
379 548 679 597 Gorthoro
713 548 820 610 (i.e.
841 547 1481 597 Durocortorum=civitas
1512 549 1806 606 Remorum,
1827 546 2031 612 Reims).
2096 547 2255 607 Many

177 612 411 660 Romans
433 610 494 677 (e.
502 626 548 673 g.
571 612 631 660 L.
656 612 859 661 Cincius
881 613 1172 661 Alimentus
1193 612 1338 662 Sulla
1355 611 1602 660 Lucullus
1626 612 1815 669 Cicero)
1838 615 1994 660 wrote
2014 610 2254 660 histories

179 676 240 722 in
277 676 445 724 Greek
473 682 576 741 (see
613 690 682 725 on
717 676 806 725 the
844 690 936 724 use
972 676 1026 724 of
1069 676 1234 725 Greek
1267 676 1327 724 in
1362 676 1525 724 Rome
1562 676 1749 736 during
1783 674 1872 723 the
1906 675 2132 736 republic
2164 674 2251 723 Fr.

177 739 549 789 Winkelmann
589 739 648 786 in
689 740 870 788 Jahn’s
903 739 1116 788 Jahrbb.
1157 741 1283 789 1833
1320 739 1488 800 suppl.
1523 753 1568 786 11
1607 738 1833 801 555-8).
1900 738 2035 788 Most
2073 739 2127 787 of
2161 738 2253 786 the

177 816 439 864 emperors
461 802 616 864 spoke
638 803 742 851 and
762 806 916 852 wrote
940 804 1107 852 Greek
1137 817 1180 851 e.
1190 818 1238 864 g.
1265 803 1407 852 Suet.
1432 802 1540 853 Tib.
1570 805 1633 854 70
1656 803 1716 853 71
1742 802 1823 867 (ct.
1844 802 2031 853 DCass.
2058 816 2167 850 nvn
2190 804 2251 853 16

177 870 206 927 5
224 868 271 917 2.
299 868 360 918 17
377 869 428 927 §5
448 868 476 914 1
499 866 567 931 2).
611 867 736 928 Nep.
763 881 838 928 pr.
856 870 882 926 5
903 868 934 915 2
956 881 1096 915 some
1118 867 1220 915 will
1242 866 1442 928 despise
1462 866 1846 928 Epaminondas
1862 866 1943 914 ior
1959 866 2042 913 his
2058 866 2178 913 skill
2194 865 2252 914 in

176 930 404 991 dancing
419 930 522 978 and
542 930 748 991 playing
768 945 837 978 on
857 930 947 979 the
967 931 1118 979 flute:
1141 932 1229 980 sed
1250 932 1305 979 hi
1327 938 1471 978 erunt
1482 932 1609 991 sere,
1638 932 1725 991 qui
1758 938 2038 990 expertes
2069 928 2251 978 litte-

136 1028 142 1033 ·
175 1008 391 1042 rarum
425 994 800 1043 Graecarum
833 996 969 1043 nihil
998 1002 1196 1055 rectum,
1223 996 1326 1043 πίει·
1349 995 1481 1055 quod
1500 996 1717 1055 ipsorum
1740 996 1953 1041 nwvibue
1976 996 2248 1051 conveniat,

166 1060 444 1120 putabunt.
516 1058 634 1108 Suu.
661 1058 772 1118 Iug.
797 1060 859 1107 85
897 1060 1006 1119 532
1043 1059 1192 1107 Corte
1213 1058 1429 1119 (Marius
1468 1060 1599 1119 says)
1625 1072 1781 1119 neque
1812 1057 2024 1107 Graecae
2054 1059 2248 1105 litterae

175 1124 358 1171 didici.
435 1120 506 1170 id.
541 1122 650 1170 Cat.
695 1124 758 1171 25
801 1126 828 1183 5
865 1124 896 1170 2
932 1121 1082 1170 Corte
1121 1122 1193 1185 (ot
1235 1121 1557 1182 Sempronia)
1595 1120 1841 1169 litteris
1887 1120 2145 1169 Graecis
2190 1124 2250 1169 et

175 1185 436 1234 Latinis
457 1187 617 1235 docta.
662 1186 762 1236 Cic.
791 1186 876 1234 off.
896 1200 918 1233 1
938 1189 964 1246 5
984 1187 1011 1234 l
1029 1188 1084 1235 to
1097 1185 1183 1233 his
1201 1199 1310 1244 son,
1324 1194 1383 1234 ut
1398 1188 1502 1248 ipse
1518 1187 1587 1233 ad
1602 1200 1758 1233 meam
1771 1187 2045 1233 utilitatem
2064 1200 2251 1247 semper

175 1263 317 1299 cum
354 1248 603 1298 Graecis
641 1250 870 1299 Latina
904 1248 1217 1309 coniunxi,
1254 1264 1410 1311 neque
1434 1251 1491 1298 id
1510 1252 1570 1299 in
1595 1250 1919 1311 philosophia
1954 1252 2127 1307 solum,
2163 1250 2251 1297 sed

177 1316 338 1361 etiam
356 1316 416 1363 in
435 1315 634 1363 dicendi
657 1316 1004 1363 exercitatione
1016 1315 1142 1374 jeci,
1163 1315 1295 1362 idem
1318 1315 1412 1362 tibi
1434 1328 1601 1362 censeo
1612 1314 1921 1375 faciendum,
1944 1320 2003 1361 ut
2021 1328 2131 1374 par
2168 1312 2250 1362 sis

173 1378 245 1425 in
289 1378 618 1439 utriusque
661 1376 966 1426 orationis
1007 1378 1330 1426 facultate.
1410 1378 1536 1426 Hor.
1558 1391 1601 1429 c.
1630 1391 1697 1425 111
1734 1378 1765 1426 8
1794 1379 1825 1426 5
1857 1377 2072 1439 Bentley
2108 1378 2247 1426 docte

172 1456 418 1491 semones
450 1442 778 1503 utriusque
797 1441 1064 1502 linguae.
1131 1441 1346 1501 Quintil.
1365 1455 1442 1502 pr.
1465 1444 1493 1502 5
1515 1443 1544 1488 1
1566 1442 1831 1489 clarissimi
1854 1449 2075 1490 auctores
2094 1441 2249 1489 utri-

171 1519 378 1565 usque
407 1504 666 1566 linguae.
738 1505 870 1553 Plin.
894 1519 976 1565 ep.
999 1519 1065 1553 111
1087 1505 1116 1553 1
1137 1509 1164 1565 5
1186 1508 1216 1557 7
1239 1505 1293 1553 os
1315 1505 1575 1566 Spurinna
1604 1507 1781 1554 scribit
1812 1508 1957 1563 enim,
1981 1512 2030 1554 et
2051 1508 2249 1567 quidem

171 1573 439 1629 utraque
467 1569 696 1630 lingua,
720 1571 884 1632 lyrica
915 1570 1206 1619 doctissime.
1273 1568 1376 1617 Cic.
1398 1583 1450 1630 p.
1473 1568 1624 1617 Arch.
1649 1572 1677 1630 5
1698 1571 1760 1617 23
1791 1572 1837 1617 ei
1872 1572 1981 1631 quis
2014 1572 2251 1619 minorem

170 1636 370 1694 9loriae
381 1635 604 1695 fructum
617 1640 769 1695 putat
790 1649 848 1682 ea:
882 1634 1084 1681 Graecis
1118 1634 1337 1681 versibus
1368 1635 1559 1694 percipi
1592 1648 1741 1694 quam
1770 1648 1832 1681 ex
1863 1635 2083 1695 Latinis,
2108 1634 2250 1681 vehe-

171 1703 366 1746 menter
407 1704 557 1754 errat,
595 1704 859 1759 propterea
901 1699 1031 1757 quod
1070 1696 1302 1745 Graeca
1341 1696 1634 1758 leguntur
1675 1698 1741 1744 in
1783 1696 2071 1745 omnibus
2122 1698 2250 1745 iere

171 1760 497 1822 gentibue,
527 1763 722 1810 Latina
741 1763 846 1810 suis
857 1762 1066 1823 finibus,
1089 1762 1282 1821 eximtis
1303 1776 1439 1817 eane,
1462 1762 1791 1809 continentur.
1856 1760 2013 1809 Latin
2033 1774 2137 1809 was
2158 1760 2249 1809 the

172 1822 362 1873 official
393 1825 640 1886 lang-uage
680 1825 738 1873 in
781 1824 950 1873 which
990 1823 1194 1873 decrees
1233 1838 1361 1873 were
1404 1823 1606 1882 issued;
1652 1824 1845 1884 subject
1878 1824 2087 1872 natione
2120 1837 2249 1879 were

169 1888 378 1949 obliged
398 1892 452 1937 to
473 1889 673 1951 employ
691 1889 1023 1949 interpreters
1043 1888 1161 1937 VM.
1179 1902 1223 1935 11
1244 1889 1274 1935 2
1296 1889 1370 1949 52
1391 1903 1485 1949 qao
1505 1889 1699 1936 scilicet
1712 1889 1931 1936 Latinae
1950 1891 2083 1937 vocis
2100 1888 2247 1937 honos

169 1966 286 2014 per
315 1966 524 2001 omnes
555 1955 772 2013 gentes
802 1954 1133 2002 venerabilior
1161 1954 1535 2014 diffunderetur.
1604 1952 1744 2001 Suet.
1769 1950 1879 2001 Tib.
1909 1953 1987 2001 71.
2054 1951 2246 2001 DCass.

169 2029 288 2064 nvn
321 2018 383 2068 17
414 2020 442 2077 5
463 2018 508 2067 3.
578 2015 676 2077 dig.
703 2030 812 2065 nn
847 2017 874 2064 1
900 2020 926 2077 5
951 2018 1032 2065 48.
1098 2016 1209 2065 Gai.
1232 2030 1300 2065 111
1321 2017 1399 2067 93.
1468 2016 1601 2063 Plin.
1624 2015 1677 2065 h.
1706 2030 1757 2065 n.
1788 2019 1902 2076 1115
1934 2016 1998 2065 39
2030 2017 2084 2064 of
2114 2016 2249 2076 Italy

168 2083 349 2129 terra
400 2078 667 2128 omnium
722 2084 1022 2129 terrarum
1075 2080 1327 2129 alumne.
1380 2079 1593 2128 eadem
1648 2082 1708 2128 et
1752 2092 1997 2139 parens,
2027 2081 2247 2141 ¹numine

169 2146 322 2192 deum
362 2146 518 2192 electa
560 2159 926 2206 quae...eparsa
967 2152 1283 2206 eonareyaret
1313 2146 1527 2206 imperia
1566 2143 1827 2203 ritusque
1870 2143 2144 2192 molliret
2187 2146 2247 2192 et

168 2211 270 2256 tot
312 2208 683 2269 populorum
733 2207 1048 2257 discordes
1095 2209 1390 2269 serasque
1439 2207 1697 2267 linguas
1748 2206 2045 2255 sermonis
2088 2220 2247 2255 com-

168 2270 403 2319 mercio
457 2272 848 2321 contraheret
906 2272 978 2321 ad
1034 2272 1339 2332 colloquia
1397 2274 1457 2320 et
1513 2270 1963 2319 humanitatem
2014 2269 2249 2319 homini

169 2334 352 2384 daret
377 2334 760 2396 breviterque
782 2350 902 2385 una
933 2340 1287 2385 cunctarum
1314 2335 1589 2397 gentium
1615 2336 1679 2382 in
1711 2338 1843 2383 toto
1875 2334 2016 2383 orbe
2047 2335 2248 2396 patria

168 2400 378 2448 fieret.
456 2398 715 2460 Augustus
749 2399 889 2450 Suet.
914 2402 977 2450 98
1009 2399 1068 2447 in
1103 2414 1135 2448 a
1161 2398 1369 2462 holiday
1400 2401 1455 2448 at
1483 2400 1704 2460 Capreae
1737 2412 1861 2459 gave
1902 2403 2136 2459 presente
2180 2414 2249 2447 on

169 2464 244 2511 all
266 2462 448 2524 hands,
477 2465 576 2525 leye
591 2466 852 2526 proposita
871 2471 928 2513 ut
947 2463 1205 2512 Romani
1228 2464 1475 2521 Graeco,
1499 2464 1713 2511 Graeci
1734 2464 2003 2512 Romano
2025 2463 2247 2512 habitu

167 2531 230 2575 et
257 2540 532 2575 sermone
553 2530 891 2577 uterentur.
951 2528 1027 2575 Cl.
1052 2529 1112 2577 16
1133 2529 1447 2590 splendidum
1459 2530 1622 2576 viram
1639 2543 1939 2589 ⁴‹yraecaeque
1954 2530 2247 2590 provinciae

163 2593 462 2653 principem,
488 2605 655 2639 verum
681 2590 892 2640 Latini
927 2592 1224 2640 sermonis
1258 2591 1555 2653 ignarum,
1576 2606 1677 2640 non
1708 2593 1847 2641 modo
1873 2594 1987 2641 albo
2024 2594 2249 2643 iudicum

167 2656 346 2715 erasit,
375 2656 464 2703 sed
492 2656 552 2703 in
578 2658 981 2717 pereqvinitatem
1008 2657 1214 2716 redeyit.
1275 2656 1467 2704 DCass.
1499 2669 1565 2703 nx
1587 2658 1647 2706 17
1666 2660 1693 2716 5
1717 2657 1750 2704 4
1780 2656 1947 2705 where
1984 2656 2074 2704 the
2108 2670 2248 2705 same

170 2719 373 2767 offence
405 2717 451 2765 is
482 2717 666 2767 visited
699 2719 820 2767 with
855 2718 946 2767 the
981 2734 1122 2767 same
1157 2719 1493 2779 punishment
1525 2719 1583 2767 in
1614 2718 1705 2768 the
1736 2734 1851 2769 case
1884 2721 1937 2768 of
1969 2734 2001 2768 a
2033 2720 2240 2779 Lycian.

165 2783 312 2830 Plut.
334 2782 532 2833 Platon.
560 2786 754 2843 quaest.
776 2785 806 2831 3
840 2784 914 2843 §3
937 2783 1122 2831 almost
1155 2784 1225 2831 all
1255 2783 1345 2832 the
1376 2783 1533 2831 world
1557 2784 1693 2843 (ὁμοῦ
1720 2802 1769 2833 τι
1790 2786 1959 2833 πάντες
1990 2786 2245 2845 ἄνθρωποι)

165 2860 290 2894 now
311 2846 512 2907 employ
532 2845 622 2894 the
641 2846 797 2895 Latin
816 2846 1079 2907 language.
1135 2846 1347 2907 Quintil.
1361 2862 1397 2895 x
1418 2847 1445 2894 l
1472 2850 1499 2905 5
1518 2848 1581 2897 46
1602 2862 1655 2895 n.
1679 2846 1949 2896 education
1969 2846 2025 2895 in
2045 2848 2247 2896 Roman

167 2908 380 2958 schools
411 2908 576 2970 began
595 2909 720 2957 with
751 2910 963 2960 Homer.
1031 2910 1205 2959 Prizes
1227 2911 1305 2958 ior
1341 2911 1511 2959 Greek
1546 2911 1711 2959 under
1747 2910 1974 2972 Caligula
1998 2909 2160 2977 (Suet.
2183 2912 2248 2959 20

165 2974 309 3022 cited
343 2986 365 3021 1
399 2972 464 3021 44
482 2972 590 3037 .n.),
612 2974 744 3021 Nero
774 2972 936 3037 (Suet.
975 2974 1053 3021 12.
1119 2974 1188 3022 id.
1223 2974 1356 3023 rhet.
1382 2978 1409 3025 1
1447 2974 1531 3023 his
1570 2974 1738 3023 Greek
1774 2974 2030 3035 speeches.
2070 2975 2132 3025 ct.
2171 2973 2240 3024 id.

165 3038 309 3085 Nero
348 3039 392 3089 7.
464 3036 599 3086 Plut.
635 3036 858 3085 Flamin.
897 3038 958 3084 12
1001 3038 1028 3095 5
1064 3039 1111 3085 8.
1179 3038 1295 3089 Tac.
1337 3052 1427 3087 xxv
1463 3040 1527 3087 20
1564 3039 1664 3099 21),
1707 3038 1973 3087 Domitian
2012 3038 2172 3099 (Suet.
2214 3039 2247 3086 4

165 3102 434 3150 certabant
455 3104 586 3149 enim
605 3107 653 3149 et
681 3116 834 3163 prosa
866 3103 1086 3149 oratione
1119 3100 1344 3151 Graece
1376 3101 1755 3167 Latineque).
1797 3101 2079 3163 Vespasian
2105 3102 2245 3164 (Tac.

165 3166 224 3214 h.
253 3179 296 3213 11
319 3166 382 3213 80
403 3166 530 3213 satis
551 3166 750 3213 decorae
774 3164 958 3213 etiam
981 3165 1208 3213 Graeca
1227 3166 1535 3229 facundia)
1556 3166 1797 3214 endowed
1818 3165 1985 3215 chairs
2006 3166 2059 3213 of
2081 3165 2247 3214 Greek

167 3228 278 3279 and
309 3228 469 3277 Latin
498 3227 718 3277 rhetoric
753 3229 890 3279 Suet.
921 3230 999 3279 18.
1066 3228 1214 3277 Titus
1247 3229 1409 3294 (Suet.
1433 3229 1481 3295 3)
1516 3230 1734 3279 Latine
1767 3230 2109 3289 Graeceque
2150 3229 2246 3277 vel

166 3294 236 3340 in
260 3291 488 3340 orando
509 3291 604 3339 vel
633 3292 699 3340 in
729 3292 1044 3353 fingendis
1073 3294 1460 3354 poematibus
1490 3297 1809 3355 promptus
1841 3296 1899 3341 et
1931 3292 2140 3341 facilis
2172 3292 2246 3340 ad

167 3355 773 3416 extemporalitatem
807 3370 1010 3417 usque.
1094 3356 1245 3418 Pliny
1275 3358 1365 3406 the
1404 3372 1628 3419 younger
1662 3362 1759 3418 (ep.
1782 3358 2030 3416 vn452)
2071 3359 2123 3405 at
2155 3354 2247 3405 the

167 3434 264 3481 age
286 3420 341 3468 of
363 3420 426 3466 14
447 3420 602 3467 wrote
624 3434 655 3468 a
677 3420 844 3469 Greek
862 3420 1096 3483 tragedy3
1120 3420 1311 3469 Greeks
1333 3421 1499 3469 learnt
1519 3420 1675 3469 Latin
1692 3424 1746 3469 to
1762 3420 1873 3481 sing
1892 3420 1977 3468 his
1996 3419 2244 3469 hendeca-

167 3483 414 3545 syllables
451 3482 537 3544 (ib.
583 3486 609 3543 5
647 3485 720 3547 9);
757 3483 823 3531 he
861 3484 1029 3532 writes
1067 3488 1122 3533 to
1159 3484 1246 3533 his
1287 3484 1455 3533 triend
1484 3484 1777 3534 Antoninus
1817 3487 1891 3546 (iv
1924 3487 1955 3533 3
1994 3486 2019 3543 5
2053 3483 2101 3547 3)
2138 3499 2247 3533 cum

168 3549 408 3597 Graeca
429 3549 789 3608 epiqrammata
812 3556 918 3605 tua,
940 3564 1049 3597 eum
1067 3550 1253 3597 iambos
1266 3552 1491 3610 proxime
1514 3549 1869 3609 legerem,...54
1886 3550 2247 3599 Callimachum

165 3627 242 3661 me
263 3613 349 3661 vel
371 3612 610 3661 Heroden
628 3614 709 3661 vel
729 3613 902 3673 siquid
923 3614 1000 3661 his
1021 3614 1194 3661 melius
1219 3620 1378 3661 tenere
1410 3614 1720 3663 credebam...
1746 3617 1773 3673 5
1795 3614 1825 3661 5
1857 3612 2246 3661 hominemne

165 3677 509 3725 Romanum
530 3678 654 3724 tam
676 3677 900 3725 Graece
919 3676 1125 3737 loqui?
1146 3691 1246 3724 non
1265 3677 1622 3738 mediusfidius
1643 3677 1809 3737 ipsas
1832 3676 2101 3725 Athenas
2122 3679 2247 3725 tam

167 3739 400 3789 atticas
437 3741 661 3791 dixerim.
701 3741 825 3802 qaid
869 3742 1066 3789 multa?
1141 3741 1340 3789 invideo
1382 3742 1602 3798 Graecis,
1658 3742 1788 3802 quod
1820 3744 2021 3803 illo‘mm
2072 3743 2247 3801 linqua

165 3805 384 3869 scribere
414 3804 660 3853 maluisti.
725 3802 960 3855 Hadrian
984 3802 1260 3867 (spartian.
1300 3804 1329 3852 1
1351 3806 1378 3867 5
1402 3805 1452 3866 5)
1475 3804 1533 3853 in
1555 3804 1692 3866 early
1718 3803 1951 3867 boyhood
1981 3806 2243 3859 inbutus...
