2725 4317
133 298 348 364 69-75]
559 300 742 361 EIGH
785 299 1021 355 Bmtffl.
1089 300 1353 351 SENSUS
1398 300 1782 351 COMMUNIS.
1979 359 1987 365 .
2136 309 2161 356 1
2182 305 2221 377 7

137 449 194 499 ib.
216 464 271 499 xv
294 451 356 500 16
377 453 404 510 5
423 450 458 499 4
481 452 678 513 falsum
710 454 950 513 imaginis
987 451 1265 501 titulum.
1335 452 1403 500 G.
1426 452 1484 501 G.
1508 452 1673 500 lewis
1702 452 1988 515 credibility
2010 467 2053 501 c.
2084 453 2115 502 6
2132 456 2157 513 5
2174 452 2223 505 2.

137 514 253 565 Plin.
283 518 658 577 ep.v111652.
695 517 1057 575 VM.1v45l.
1087 518 1234 577 552.
1308 516 1794 577 M.Sen.suas.15
1828 519 1855 567 7
1883 532 1935 579 p.
1965 518 2083 565 418
2112 532 2224 566 eum

135 581 372 629 Antonius
393 582 543 628 vellet
563 596 613 629 se
635 582 870 629 Liberum
883 589 1082 643 patrem
1103 583 1209 630 dici
1235 588 1283 630 et
1315 583 1403 629 hoc
1424 596 1600 629 nomnen
1633 581 1871 629 statuis
1905 582 2221 632 subscribi

135 644 330 693 iuberet.
1217 658 1457 693 nonense
1476 658 1511 693 x
1534 646 1597 693 58
1618 660 1671 693 n.
1740 646 1841 693 Ios.
1866 646 1985 695 bell.
2010 660 2031 694 1
2056 647 2116 695 10
2138 650 2163 708 5
2186 649 2219 695 3

135 706 396 769 Antipater
429 709 709 771 appointed
737 710 806 773 by
843 711 1106 770 Augustus
1137 724 1389 771 governor
1416 710 1470 757 oi
1500 709 1695 758 Iudaea
1730 709 1832 759 and
1864 710 2137 771 permitted
2167 713 2222 759 to

135 776 317 821 restore
337 773 426 823 the
448 775 588 823 walls
609 776 665 822 of
684 775 972 823 Jerusalem
991 777 1080 825 τὰς
1101 777 1190 834 μὲν
1209 774 1268 835 δή
1293 792 1346 823 τι
1357 776 1463 828 μὰς
1486 777 1664 823 ταύτας
1686 777 1885 837 Καῖσαρ
1906 778 2214 828 ἀπέστελλεν

134 840 188 886 ἐν
217 840 302 899 τῷ
338 840 706 900 Καπετωλίῳ
743 841 1144 901 χαραχθῆναι,
1183 841 1267 900 τῆς
1306 858 1358 887 re
1393 839 1537 887 αὑτοῦ
1572 841 1865 899 δικαιοσύνης
1910 842 2107 899 σημεῖον
2140 843 2223 889 καὶ

131 904 210 962 τῆς
239 904 333 953 τοῦ
366 904 528 967 ἀνδρὸς
565 906 736 967 ἀρετῆς
772 906 1017 964 ἐσόμενον.
1767 910 1772 915 ”

134 969 198 1026 70
233 982 376 1017 rums
411 968 534 1017 San.
579 969 690 1030 Iug.
728 970 790 1017 85
835 974 860 1030 5
903 971 966 1017 38
1011 974 1221 1020 maiores
1266 985 1433 1019 eorum
1475 972 1658 1027 omnia,
1696 985 1825 1033 quae
1872 972 2072 1028 licebat,
2111 973 2221 1019 illie

129 1036 385 1095 reliquere,
424 1035 652 1093 divitias,
692 1036 952 1095 imayines,
997 1038 1282 1083 memoriam
1321 1036 1405 1082 eui
1442 1036 1761 1096 praeclaram
1780 1052 1803 1083 ⁶·
1843 1037 2081 1083 virtutem
2120 1052 2220 1085 non

129 1098 364 1159 reli-quere
377 1116 395 1153 ,·
415 1113 570 1159 neque
587 1106 836 1160 poterant.
913 1100 1032 1150 Seu.
1057 1099 1120 1147 de
1140 1098 1256 1148 ben.
1286 1113 1341 1147 Π
1362 1100 1427 1147 30
1461 1102 1487 1159 5
1522 1099 1550 1145 1
1585 1100 1857 1161 aliquando
1887 1100 2122 1147 daturum
2146 1116 2219 1148 me

127 1164 276 1211 etiam
311 1164 535 1223 indignis
566 1165 813 1225 quaedam
845 1180 946 1212 non
975 1166 1264 1223 neqaverim
1295 1162 1361 1211 in
1396 1162 1694 1211 honorem
1728 1162 2015 1223 aliorum,
2055 1163 2217 1213 sicut

126 1226 186 1275 in
253 1227 554 1289 petendis
623 1227 980 1277 honoribus
1053 1227 1356 1289 quosdam
1419 1226 1825 1288 turpissimos
1904 1227 2218 1277 nobilitas

127 1290 475 1341 industriis
521 1292 630 1342 sed
673 1292 851 1341 novis
893 1293 1216 1354 praetulit
1259 1307 1382 1340 non
1410 1287 1551 1340 'sine
1595 1290 1869 1341 rationee
1917 1306 2090 1342 sacra
2122 1297 2217 1341 est

127 1370 483 1418 magnarum
516 1358 828 1407 virtutum
861 1358 1160 1406 memorie
1191 1366 1244 1406 et
1275 1372 1377 1405 esee
1404 1360 1575 1419 plures
1606 1358 1751 1405 bonos
1784 1360 1947 1417 iuvat,
1968 1360 2015 1405 ei
2044 1361 2217 1418 qratia

127 1423 358 1471 tonorum
375 1436 475 1469 uon
495 1437 606 1469 cum
631 1424 758 1484 ipsis
785 1424 954 1471 cadat.
1023 1426 1050 1483 5
1083 1425 1113 1471 3
1138 1422 1256 1471 hoc
1288 1421 1579 1470 debemus
1610 1420 1976 1481 virtutibuS,
2000 1427 2068 1470 ut
2096 1436 2217 1470 non

123 1488 504 1545 praesentes.
533 1487 738 1535 solum
779 1486 952 1545 illas,
1001 1487 1110 1537 sed
1151 1487 1344 1536 etiam
1388 1486 1633 1535 ablatas
1667 1500 1696 1534 e
1740 1489 2086 1548 conspectu
2130 1502 2215 1535 co·

124 1550 340 1599 lamus,
409 1554 436 1610 5
469 1551 500 1597 4
532 1550 634 1599 hic
666 1552 937 1613 egregiis
976 1552 1328 1601 maioribus
1368 1553 1549 1600 ortus
1584 1553 1706 1600 est:
1748 1551 2217 1613 qualiscumque

121 1619 228 1673 est,
276 1615 392 1663 sub
437 1615 656 1663 umbra
701 1631 952 1665 suorum
998 1618 1210 1666 lateat.
1278 1624 1336 1665 ut
1384 1619 1493 1665 loca
1526 1618 1731 1665 sordida
1768 1632 2057 1677 repercussu
2098 1620 2216 1666 eolis

120 1682 474 1741 inlustrantur,
511 1680 604 1729 ita
647 1680 886 1730 inertes
930 1682 1235 1731 maiorum
1276 1694 1527 1729 suorum
1572 1681 1707 1729 luce
1750 1680 2213 1742 resplendeant.

827 1760 1004 1795 nurus
1025 1760 1084 1797 Ac
1105 1760 1342 1794 nummus
1364 1760 1430 1793 111
1454 1746 1561 1795 190.
1612 1745 1724 1793 Liv.
1748 1758 1835 1793 xxx
1858 1746 1917 1793 13
1942 1750 1969 1805 5
1992 1747 2020 1792 3
2044 1745 2211 1796 Fabri.

119 1808 177 1857 63
201 1814 224 1870 5
247 1813 328 1861 12.
370 1824 482 1859 1111
503 1812 568 1858 34
589 1814 614 1871 5
636 1814 684 1860 8.
719 1812 782 1861 00
805 1816 832 1871 5
857 1813 932 1861 14.
1005 1811 1222 1873 Quintil.
1245 1826 1280 1859 x
1303 1812 1331 1861 7
1358 1814 1386 1870 5
1407 1812 1469 1859 19
1502 1826 1603 1859 ηοπ
1640 1813 1765 1871 quia
1807 1812 1989 1859 nostris
2024 1825 2216 1872 quoque

119 1878 419 1938 temporibus
457 1890 557 1923 uon
596 1878 655 1923 et
691 1876 964 1924 fecerint
1005 1876 1256 1937 quidam
1293 1873 1409 1923 hoc
1448 1878 1509 1922 et
1548 1874 1797 1925 faciant.

447 1941 517 1998 '71
541 1954 782 1988 inmunia
803 1942 866 1989 39
889 1955 943 1988 n.
1568 1941 1641 1999 '73
1664 1954 1842 1988 mmm
1870 1940 1957 1987 ‘in
1980 1940 2217 2000 general?

115 2016 212 2053 1111
249 2006 368 2055 236.
403 2003 563 2053 Hand
591 2004 738 2054 Tum.
763 2020 807 2053 11
828 2006 940 2055 693.
1021 2010 1034 2032 ‘
1053 2004 1325 2065 Generally
1365 2003 1625 2065 speaking,
1660 2004 1703 2052 it
1736 2004 1782 2051 is
1816 2005 1939 2065 only
1968 2018 2083 2053 now
2114 2006 2217 2053 end

116 2068 241 2118 then
263 2071 384 2118 the-t
411 2083 513 2129 you
543 2069 646 2117 will
668 2072 805 2117 meet
836 2070 963 2118 with
995 2084 1062 2118 an
1084 2069 1317 2130 example
1340 2070 1395 2117 of
1419 2068 1519 2117 due
1540 2067 1919 2117 consideration
1940 2069 2020 2116 for
2040 2068 2215 2118 others

115 2132 170 2182 in
192 2134 312 2183 that
335 2133 470 2181 rank
489 2134 546 2181 of
564 2133 688 2181 life!

113 2212 308 2247 suusne
329 2212 603 2247 conamus
625 2198 939 2249 Hamilton’s
960 2199 1090 2247 Reid
1113 2214 1165 2259 p.
1191 2200 1286 2250 ‘759
1309 2214 1340 2247 ο,
1365 2200 1469 2258 (see
1490 2198 1581 2246 the
1603 2198 1765 2245 whole
1788 2200 1910 2246 note
1927 2199 1971 2246 Δ
1988 2213 2094 2259 eep.
2116 2198 2211 2259 55)

115 2268 126 2289 ‘
143 2278 211 2310 an
234 2262 483 2324 acquired
511 2263 806 2323 perception
829 2278 887 2311 or
908 2263 1096 2323 feeling
1117 2265 1173 2310 of
1198 2263 1288 2310 the
1319 2277 1559 2311 common
1582 2262 1748 2310 duties
1780 2262 1883 2310 and
1911 2262 2214 2323 proprieties

113 2327 364 2389 expected
403 2328 538 2375 trom
583 2326 710 2375 each
753 2328 982 2376 member
1026 2329 1080 2377 of
1125 2327 1413 2388 society—a
1456 2326 1761 2387 gravitation
1807 2327 1861 2374 of
1904 2326 2213 2389 opinion—a

54 2414 56 2433 ι
111 2407 260 2441 sense
283 2393 342 2440 of
370 2391 730 2441 conventional
760 2391 1451 2441 decorum—communionel
1483 2390 2050 2453 sympathy,-—general
2078 2394 2211 2441 bien·

53 2440 530 2531 {semme-public
579 2457 766 2516 spirit.’
833 2457 959 2505 Hor.
1007 2471 1045 2506 s,
1097 2470 1120 2504 1
1167 2458 1197 2504 3
1233 2456 1395 2505 65—6
1432 2455 1603 2505 Bentl.
1638 2457 1775 2519 forte
1818 2458 2054 2517 leyentem
2082 2455 2091 2521 Ι
2118 2466 2209 2505 aut

109 2524 326 2570 tacitum
370 2523 597 2583 impellat
631 2524 804 2582 quovis
835 2537 1086 2571 sermone.-
1133 2523 1379 2579 molestus,
1414 2520 1763 2585 'communi
1796 2535 1984 2570 sensu
2027 2522 2211 2583 plene

106 2589 298 2643 caret,
317 2588 590 2647 inquimus.
663 2585 880 2636 Phaedr.
906 2601 927 2634 1
957 2589 990 2637 ¹7
1014 2587 1144 2633 3-4
1176 2586 1292 2634 hoc
1313 2584 1453 2633 illis
1478 2584 1711 2633 dictum
1736 2588 1831 2634 est
1863 2586 1949 2649 [cf.
1973 2586 2085 2634 Iuv.
2112 2587 2210 2648 71],

107 2650 344 2709 quibus
388 2650 692 2699 honorem
737 2652 796 2699 et
831 2650 1097 2711 gloriam
1127 2650 1135 2715 Ι
1162 2650 1441 2698 Fortuna
1485 2648 1731 2708 tribuit,
1767 2664 2020 2699 sensum
2058 2665 2209 2699 com-

101 2728 359 2765 munem
382 2714 665 2764 abstulit.
733 2715 941 2777 Rigault
961 2715 1029 2763 ib.
1099 2715 1219 2765 Sen.
1243 2729 1320 2775 ep.
1351 2715 1381 2762 5
1418 2718 1445 2774 5
1474 2716 1503 2761 3
1539 2716 1628 2762 hoc
1652 2717 1871 2776 primum
1888 2717 2211 2779 philosophia

98 2782 381 2841 promittit,
428 2792 681 2827 sonsum
725 2794 1132 2836 communem,
1171 2782 1531 2828 humanitatem
1573 2786 1621 2827 et
1664 2781 2103 2840 conqreqationem.
2136 2780 2206 2829 ib.

103 2846 197 2893 105
222 2850 250 2906 5
286 2844 340 2893 4.
399 2844 462 2892 de
496 2844 610 2892 hen.
645 2858 667 2891 1
703 2845 763 2892 12
785 2848 811 2905 5
833 2846 882 2892 3.
945 2844 1162 2905 Quintil.
1199 2857 1220 2891 1
1253 2846 1283 2891 2
1307 2848 1332 2904 5
1356 2846 1437 2892 20.
1504 2843 1570 2891 In
1603 2842 1693 2893 the
1726 2844 1947 2905 premier
1980 2843 2209 2893 discours

100 2908 280 2958 before
307 2908 404 2958 the
429 2908 656 2969 Logique
678 2908 741 2956 de
763 2909 1072 2969 Pon-Royal
1093 2923 1144 2969 p.
1171 2910 1201 2958 9
1223 2923 1335 2956 new
1365 2907 1445 2956 ed.
1472 2907 1519 2956 is
1547 2922 1579 2955 e
1608 2907 1788 2969 saying
1814 2909 1957 2957 often
1980 2908 2210 2957 ascribed

96 2977 152 3022 to
176 2973 433 3060 Voltaire
467 2973 545 3021 ‘le
590 2987 710 3021 sens
753 2987 996 3021 commun
1043 2975 1178 3021 n’est
1219 2987 1314 3033 pas
1345 2986 1449 3021 une
1485 2972 1677 3033 qualite
1712 2972 1758 3021 si
1796 2986 2068 3021 commune
2112 2988 2209 3033 que

95 3039 208 3088 l’on
228 3052 416 3101 pense.

94 3118 272 3154 mnus
295 3118 356 3152 m
389 3116 511 3152 mm
537 3116 776 3153 rourum
797 3104 930 3153 Plin.
959 3118 1040 3165 ep.
1071 3118 1170 3153 v111
1199 3106 1262 3153 23
1287 3108 1342 3165 55
1376 3106 1503 3153 243
1531 3106 1586 3153 of
1618 3103 1804 3153 Iunius
1834 3104 2016 3153 Avitus
2052 3106 2211 3151 latum

95 3174 310 3219 clavum
340 3172 400 3217 iu
430 3170 571 3218 domo
593 3184 702 3217 mea
736 3172 972 3218 induerat
989 3188 1006 3219 .·
1045 3171 1288 3231 euffrayio
1317 3186 1421 3218 meo
1456 3172 1663 3219 adiutus
1686 3172 1745 3218 in
1770 3171 2002 3232 petendis
2034 3170 2207 3217 honor.-

93 3237 211 3283 ibue
242 3236 463 3297 fuerat:
511 3235 580 3282 ad
616 3235 706 3282 hoc
743 3236 822 3283 ita
863 3250 938 3283 me
982 3236 1245 3294 diliyebam
1282 3236 1363 3282 ita
1406 3237 1685 3293 verebatur,
1722 3242 1783 3283 ut
1824 3248 1899 3282 me
1932 3234 2207 3295 formatore

91 3314 312 3357 morum,
347 3313 424 3347 me
464 3300 610 3360 quasi
637 3301 873 3357 magistro
903 3306 1140 3348 uteretur.
1190 3313 1403 3347 rarum
1434 3297 1548 3347 hoc
1581 3298 1646 3346 in
1686 3297 2209 3348 adulescentibus

89 3364 372 3413 nostris·
439 3378 557 3411 nam
590 3366 815 3422 quotus
849 3363 1112 3423 quisque
1145 3363 1243 3411 vel
1276 3364 1473 3413 aetati
1508 3364 1777 3412 alterius
1810 3362 1909 3411 vel
1942 3362 2207 3411 auctori-

89 3429 222 3478 tati
268 3431 344 3477 ut
389 3426 594 3475 minor
638 3425 843 3474 cedit?
879 3428 1096 3475 statim
1141 3428 1413 3490 sapiunt,
1456 3428 1673 3476 stetim
1719 3426 1934 3475 sciunt
1977 3427 2201 3487 omnia,

89 3494 431 3545 neminem
467 3494 780 3553 verentur,
818 3491 1152 3541 imitantur
1194 3492 1503 3541 neminem
1548 3494 1737 3551 atque
1774 3490 1902 3553 ipsi
1948 3491 2071 3541 sibi
2116 3506 2207 3540 ex-

86 3560 322 3621 empla
357 3558 521 3604 sunt.
1050 3558 1130 3616 '74
1151 3572 1372 3607 curteum
1393 3560 1423 3606 2
1448 3574 1500 3605 n.

85 3638 276 3673 mmm
305 3622 370 3671 cl.
403 3623 464 3671 77
489 3623 675 3669 laudis.
743 3621 827 3670 On
851 3623 944 3670 the
974 3622 1248 3683 repetition
1281 3637 1366 3671 see
1399 3624 1596 3671 Heerw.
1630 3638 1701 3671 on
1733 3620 1843 3671 Liv.
1879 3636 1990 3670 1111
2021 3621 2085 3670 42
2108 3626 2133 3683 5
2157 3623 2205 3671 4.

731 3688 802 3743 '75
826 3700 1096 3734 nonnis-mn
1119 3701 1184 3735 on
1208 3687 1320 3735 this
1336 3701 1429 3735 use
1452 3688 1505 3735 of
1526 3688 1615 3735 the
1638 3688 1765 3749 perf.
1790 3687 1922 3749 conj.
1948 3688 2013 3735 cf.
2038 3701 2104 3735 xv
2126 3689 2205 3735 21.

81 3752 317 3811 Madvig
339 3754 367 3811 5
392 3750 488 3798 350
509 3748 558 3800 b.
616 3750 723 3797 -For
744 3749 834 3797 the
855 3750 1078 3810 thought
1101 3752 1166 3799 cf.
1193 3750 1333 3800 Stob.
1359 3752 1410 3799 fi.
1440 3764 1592 3799 xxxvi
1616 3753 1646 3800 6
1679 3754 1855 3801 ἀπολεῖ
1886 3770 1945 3810 με
1976 3754 2033 3801 τὸ
2054 3755 2205 3814 γένος·

81 3820 154 3877 μή
177 3814 296 3877 λέγ’
306 3850 325 3873 ,
351 3818 396 3862 εἰ
415 3817 570 3872 φιλεῖς
603 3817 706 3873 ἐμέ,
735 3812 746 3876 Ι
771 3816 936 3876 μῆτερ,
965 3814 1040 3876 ἐφ’
1079 3816 1271 3875 ἑκάστῳ
1291 3816 1349 3862 τᾶ
1370 3817 1531 3877 γένος·
1564 3818 1631 3866 οἷς
1653 3816 1713 3864 ἂν
1733 3817 1798 3877 τῇ
1817 3820 1959 3875 φύσει
1988 3816 1997 3882 Ι
2026 3817 2208 3878 ἀγαθὸν

81 3882 312 3946 ὑπάρχῃ
333 3880 482 3937 μηδὲν
503 3879 674 3927 οἰκεῖον
705 3879 898 3941 προσόν,
930 3878 939 3943 Ι
967 3880 1118 3927 ἐκεῖσε
1151 3880 1540 3940 καταφεύγουσιν
1561 3883 1623 3931 εἰς
1655 3883 1719 3930 τὰ
1746 3881 1975 3941 μνήματα
2004 3880 2013 3944 Ι
2041 3885 2116 3929 καὶ
2148 3882 2207 3929 τό

273 3986 315 4035 J
321 3986 439 4034 Uv.
471 3982 545 4031 11.
1998 3965 2036 4024 2
