2725 4317
514 247 654 332 235
907 296 913 302 .
954 256 1253 307 Arrm'm
1292 255 1536 307 raons,
1600 255 2077 308 mmmmm,
2135 259 2305 326 [xm.
2327 261 2625 328 236—249

525 414 617 461 que
638 413 723 449 nos
746 399 834 448 hoc
855 413 1043 462 quoque
1065 400 1196 462 quod
1215 401 1411 450 iudicia
1430 406 1603 449 nostra
1621 413 1722 450 nou
1742 407 1935 450 tantum
1948 413 2128 463 prava,
2155 402 2247 450 sed
2268 403 2440 451 etiam
2460 403 2619 452 levis

523 470 653 513 eunt.
680 465 983 526 fluctuamus
1019 466 1259 526 aliudque
1303 480 1364 513 ex
1396 467 1500 513 alio
1532 465 1983 526 conprehendimus.
2041 468 2210 527 petita
2253 468 2610 527 relinquimus,

521 529 701 575 relicta
731 530 1008 589 repetimus.
1077 531 1104 588 S
1126 530 1157 577 3
1178 530 1400 585 alternae
1425 531 1560 577 iuter
1578 530 1902 590 cupiditatem
1922 536 2138 577 nostram
2159 537 2208 578 et
2235 534 2613 591 paenitentiam

520 594 650 639 vices
671 598 799 640 sunt.
870 591 939 641 id.
960 605 1039 653 ep.
1063 594 1125 643 47
1148 596 1174 653 ἓ
1193 595 1254 640 21
1279 595 1368 641 hoc
1392 594 1571 641 habent
1590 595 1724 641 inter
1743 598 1905 640 cetera
1929 594 2041 640 boni
2062 607 2232 651 mores,
2253 596 2476 654 placent
2496 598 2608 650 sibi.

508 661 828 766 ρεταπὲαηεπετ
857 654 1016 705 levis
1048 659 1141 705 est
1173 656 1432 715 malitia,
1457 669 1640 718 saepe
1664 658 1947 718 mutatur,
1984 671 2086 706 non
2115 660 2176 706 iu
2205 660 2410 716 melius,
2435 661 2526 708 sed
2558 663 2609 707 iu

520 720 595 766 ali
665 755 678 768 .

516 782 632 840 237
655 797 759 844 seq.
826 782 1038 844 Quintil.
1067 782 1192 832 decl.
1217 786 1248 832 3
1285 783 1346 831 14
1376 798 1479 845 esp.
1516 797 1605 846 pp·
1639 784 1733 833 623
1767 783 1862 832 624
1895 790 1951 832 tu
1971 785 2203 846 fortasse,
2236 799 2352 832 cum
2371 788 2609 835 miserum

508 854 705 908 patrem
726 850 1016 906 trucidans,
1043 850 1288 901 tollentem
1308 850 1379 896 ad
1397 850 1564 897 sidera
1586 862 1759 896 manus
1787 850 1966 897 risisti.
2030 851 2181 896 inane
2207 850 2299 897 hoc
2320 864 2485 910 supra
2514 867 2602 899 uos

510 925 819 972 vacuumque
842 927 962 959 cura
981 914 1265 960 caelestium
1289 915 1505 974 putabas
1524 929 1540 960 .-
1574 919 1690 960 sunt
1717 914 1814 960 illa
1846 926 1981 967 vera,
2016 927 2142 973 quae
2177 919 2400 962 extremo
2433 916 2601 963 miseri

515 976 702 1035 spiritu
723 978 1015 1024 dicebantur
1032 989 1050 1022 .·
1092 975 1258 1023 ‘dabis
1279 975 1426 1033 mihi,
1451 975 1709 1032 scelerate,
1731 989 1950 1036 poenas:
1984 990 2257 1036 persequar
2279 977 2598 1038 quandoque

516 1040 568 1085 et
590 1038 1026 1089 occurram'...uec
1044 1047 1204 1088 tamen
1225 1041 1323 1087 illa
1343 1041 1470 1087 mihi
1485 1054 1621 1088 vana
1639 1041 1961 1101 quorumdam
1977 1054 2076 1087 esse
2097 1042 2300 1088 videtur
2313 1045 2598 1102 persuasio,

515 1105 606 1163 qui
627 1105 829 1151 credunt
850 1118 948 1151 uon
969 1106 1264 1152 extrinsecus
1298 1105 1388 1151 has
1412 1104 1584 1164 furias
1612 1105 1797 1160 venire,
1830 1118 1919 1151 uec
1951 1105 2108 1151 ullius
2142 1105 2345 1151 deorum
2375 1108 2598 1168 impulsu

516 1167 643 1215 hanc
664 1170 952 1216 mortalibus
975 1169 1208 1215 incidisse
1242 1168 1554 1225 dementiam,
1586 1168 1675 1214 sed
1704 1169 1847 1215 nasci
1883 1169 2053 1216 intus:
2082 1170 2448 1217 conscientiam
2479 1186 2595 1227 esse,

514 1245 642 1292 quae
686 1233 1187 1292 torqueat...repetita
1235 1233 1377 1278 toties
1431 1232 1671 1293 confessio
1725 1237 1811 1278 est.
1867 1233 2046 1292 ecquid
2097 1233 2363 1293 concipitis
2411 1237 2597 1283 animis
2697 1235 2698 1248 ²

510 1296 958 1406 mnam&
971 1308 1122 1419 35:²⁶2.
1141 1296 1446 1406 Ἢῖθῗῖ
1460 1296 1819 1418 εέἑῗὸὲἒῖἴ
1813 1302 1923 1420 ἶῗέἶ
1939 1298 2215 1419 ww?
2216 1298 2408 1418 2135?
2406 1304 2524 1410 22:5⁸
2540 1308 2597 1412 ἕξ

514 1424 665 1482 θρασὺ
685 1425 769 1481 τῆς
791 1425 953 1471 κακίας
974 1420 1089 1482 ἄχρι
1110 1424 1204 1470 τῶν
1240 1424 1543 1481 ἀδικημάτων
1577 1424 1773 1484 ἰσχυρόν
1807 1425 1912 1471 ἐστι
1944 1426 2022 1473 καὶ
2054 1427 2322 1485 πρόχειρον,
2362 1427 2477 1473 εἶτα
2509 1430 2596 1476 τοῦ

511 1486 691 1533 πάθους
721 1486 884 1546 ὥσπερ
917 1489 1178 1543 πνεύματος
1212 1484 1564 1545 ὑπολείποντος,
1605 1488 1796 1536 ἀσθενὲς
1829 1489 1907 1535 καὶ
1938 1491 2159 1535 ταπεινὸν
2190 1487 2461 1537 ὑποπίπτει
2492 1494 2592 1540 τοῖς

511 1551 675 1608 φόβοις
710 1551 786 1597 καὶ
816 1551 918 1598 ταῖς
945 1551 1331 1608 δεισιδαιμονίαις.
1396 1550 1499 1604 Cic.
1524 1551 1655 1611 legg.
1681 1564 1703 1598 1
1732 1554 1757 1611 ς
1790 1552 1870 1599 40.
1904 1565 1955 1611 p.
1979 1551 2128 1599 Rosc.
2151 1549 2263 1602 Am.
2290 1554 2344 1612 ἓξ
2376 1553 2593 1607 65-67.

508 1611 623 1669 237
649 1625 949 1661 nmmum
969 1626 1003 1661 x
1023 1614 1119 1661 340
1140 1628 1194 1663 n.
1730 1628 1992 1663 suransr
2016 1615 2128 1663 109.

509 1688 821 1724 οοΝετΑΜιΑ
841 1678 919 1728 77.
1452 1679 1565 1737 238
1588 1693 1610 1727 1
1633 1679 1726 1728 166
1748 1694 1801 1726 n.
1869 1692 1934 1726 111
1958 1680 2034 1727 50.

509 1739 621 1797 239
645 1754 711 1787 u>
733 1755 903 1790 nonus
924 1753 1127 1790 mrum
1149 1755 1410 1790 nncunnrr
1441 1755 1477 1790 x
1506 1746 1601 1792 303
1624 1758 1675 1793 n.
1745 1742 1871 1793 Hor.
1901 1757 1942 1789 s.
1966 1757 2010 1789 11
2033 1745 2061 1794 7
2086 1743 2164 1794 74.
2190 1757 2265 1803 ep.
2298 1757 2321 1790 1
2345 1745 2411 1792 10
2437 1746 2503 1792 24
2527 1747 2592 1795 25

510 1802 679 1852 Obbar
713 1812 944 1853 naturam
986 1807 1262 1867 expellas
1305 1806 1492 1867 furca,
1541 1810 1746 1855 tamen
1788 1820 1984 1866 usque
2024 1809 2301 1853 recurret
2328 1806 2337 1870 Ι
2367 1815 2420 1861 et
2453 1813 2594 1857 mala

499 1877 782 1931 perrumpet
803 1871 988 1930 furtim
1007 1871 1231 1932 fastidia
1260 1872 1465 1918 victrix.
1534 1871 1649 1920 Sen.
1674 1871 1812 1919 brev.
1829 1871 1920 1917 vit.
1946 1871 1976 1919 6
1998 1873 2024 1930 ξ
2046 1872 2076 1917 3
2109 1872 2196 1918 sed
2227 1873 2307 1918 his
2342 1877 2592 1933 querellis

506 1946 595 1980 uec
623 1936 749 1982 alios
772 1936 1168 1982 mutaverunt
1189 1949 1277 1983 nec
1298 1950 1348 1982 se
1371 1937 1519 1995 ipsos.
1566 1950 1684 1982 nam
1703 1949 1813 1982 cum
1826 1935 1977 1982 verba
1990 1941 2271 1995 eruperunt,
2296 1936 2591 1985 adfectus

507 1995 582 2043 ad
609 1997 1519 2049 consuetudinemrelabuntur.
1588 1998 1655 2048 id.
1680 2012 1757 2058 ep.
1773 1998 1833 2046 25
1862 2000 1888 2057 ἓ
1913 1999 1959 2047 3.
2030 1999 2060 2045 2
2084 1998 2191 2046 Pet.
2213 1999 2321 2045 222
2347 1998 2587 2050 GrotiuS.

505 2059 772 2109 Wetstein.
1215 2090 1225 2100 ·
1528 2062 1639 2118 242
1660 2075 1873 2109 Ati-mmm
1892 2076 1960 2109 nr:
1983 2075 2180 2108 rnonrn
2205 2061 2309 2109 Cic.
2335 2062 2491 2113 Tuso.
2521 2079 2591 2112 111

505 2126 532 2183 ς
567 2124 629 2171 41
668 2140 774 2173 cum
813 2141 864 2174 os
898 2125 1308 2187 perfricuisti.
1377 2125 1562 2174 Calvus
1595 2129 1650 2174 to
1684 2125 1923 2174 Vatinius
1957 2126 2014 2173 in
2049 2125 2261 2185 Quintil.
2299 2140 2356 2173 Ix
2387 2128 2422 2173 2
2460 2132 2488 2188 ς
2523 2131 2588 2177 25

504 2189 768 2247 perii-ica
790 2190 1054 2237 frontem
1078 2198 1126 2238 et
1147 2191 1229 2238 dic
1252 2197 1298 2238 tc
1322 2192 1610 2251 diyniorem,
1634 2193 1721 2250 qui
1746 2196 1947 2251 praetor
1954 2191 2122 2252 fieres,
2148 2204 2296 2249 quam
2320 2191 2584 2240 Catonem.

505 2251 652 2302 Mart.
678 2267 731 2300 11
753 2254 813 2303 27
838 2254 866 2302 7
898 2261 953 2301 at
981 2269 1090 2302 cum
1116 2253 1441 2315 perfricuit
1475 2255 1737 2302 frontem
1762 2255 2026 2315 posuitque
2055 2256 2311 2314 pudorem.
2378 2254 2587 2303 Lucian

504 2315 595 2362 vit.
620 2320 752 2364 auct.
779 2318 841 2364 10
871 2321 928 2365 τὸ
960 2321 1223 2379 ἐρυθριᾶν
1254 2320 1537 2377 ἀπόξεσον
1568 2321 1654 2366 τοῦ
1685 2320 1940 2380 προσώπου
1972 2315 2230 2366 παντελῶς.
2311 2317 2581 2367 Victorius

509 2379 573 2441 (v.
598 2379 635 2427 l.
653 2393 751 2427 vm
766 2380 812 2443 6)
832 2395 1091 2440 compares
1107 2381 1229 2429 Ath.
1244 2383 1366 2430 213ο
1394 2381 1574 2446 (where
1596 2381 1834 2439 Athenio,
1847 2380 1959 2428 who
1976 2382 2030 2428 of
2051 2395 2082 2428 a
2101 2395 2225 2441 poor
2244 2379 2587 2443 philosopher

503 2441 708 2490 became
730 2446 903 2504 tyrant
925 2445 978 2491 oi
997 2445 1211 2503 Athens,
1235 2445 1424 2506 having
1454 2445 1712 2494 described
1732 2445 1821 2493 the
1843 2458 2097 2493 successes
2120 2445 2173 2492 of
2206 2444 2575 2506 Mithradates»,

503 2509 709 2568 τρίψας
740 2509 803 2554 τὸ
828 2511 1106 2566 μέτωπον,
1129 2509 1410 2569 persuaded
1431 2509 1520 2556 the
1541 2508 1825 2557 Athenians
1845 2510 1907 2555 to
1928 2509 2088 2556 revolt
2110 2509 2244 2555 from
2265 2508 2448 2573 Rome)
2475 2511 2583 2559 and

506 2569 688 2617 Strabo
732 2570 825 2618 603
870 2572 1113 2632 speaking
1155 2572 1209 2620 of
1250 2573 1524 2621 audacious
1567 2573 1738 2620 critice
1788 2571 1842 2619 of
1885 2572 2105 2621 Homer:
2155 2575 2301 2633 ἐχρῆν
2344 2576 2448 2635 γὰρ
2494 2579 2580 2623 καὶ

502 2636 642 2681 τοῦτο
662 2636 846 2683 πλάσαι
868 2639 1408 2698 παρατριψαμένους
1430 2638 1493 2686 τὰ
1521 2640 1784 2693 μέτωπον
1804 2638 1881 2685 καὶ
1901 2641 1970 2697 μὴ
1991 2637 2152 2697 χωλὸν
2174 2639 2259 2686 ἐᾶν
2279 2640 2358 2685 καὶ
2382 2640 2579 2695 ἔταμον

503 2696 618 2759 πρὸς
638 2701 843 2759 ἔλεγχον
862 2699 994 2759 ἅπαξ
1014 2700 1104 2764 ἤδη
1127 2704 1586 2759 ἀποτετολμηκότας.
1925 2714 2125 2747 ἙΒΟΝΤΕ
2149 2714 2192 2747 11
2214 2702 2259 2749 8.
2330 2714 2431 2748 VIII
2456 2704 2571 2752 189.

501 2762 639 2809 Pete.
662 2776 695 2809 v
731 2765 824 2811 103
860 2764 953 2811 104
984 2764 1026 2811 if
1057 2779 1088 2812 a
1129 2763 1459 2825 ploughman,
1502 2764 1739 2824 ignorant
1771 2764 1825 2812 of
1855 2766 2165 2825 astronomy‚
2198 2778 2328 2812 were
2360 2768 2414 2812 to
2452 2767 2577 2814 seek

501 2826 773 2874 command
809 2827 863 2874 of
896 2842 927 2875 a
958 2828 1135 2887 vessel,
1179 2831 1413 2877 exclamet
1455 2830 1716 2877 Melicerta
1739 2832 1925 2890 perisse
1956 2827 1963 2892 Ι
1990 2828 2258 2875 frontem
2299 2829 2361 2876 de
2403 2832 2572 2878 rebus.

500 2889 643 2938 Hier.
668 2905 746 2951 ep.
771 2892 960 2940 18--22
995 2898 1066 2953 (Iv
1097 2895 1126 2938 2
1160 2906 1210 2953 p.
1236 2893 1320 2954 41)
1352 2907 1477 2953 quae
1508 2892 1729 2941 rubore
1758 2892 1985 2939 frontis
2019 2891 2283 2941 abstrito
2308 2898 2572 2955 parasitos

499 2956 706 3003 vincunt
726 2959 993 3004 mimorum.
1537 2970 1788 3004 nunonem
1808 2970 1863 3004 11
1883 2957 1947 3004 54
1967 2956 2049 3004 55.

500 3018 612 3075 244
632 3032 784 3066 marr
804 3033 1041 3067 vnsrmu
1061 3021 1125 3068 cf.
1150 3021 1269 3068 dare
1292 3021 1423 3068 colla
1442 3021 1532 3067 sub
1554 3022 1692 3080 iuqa.

496 3083 608 3139 245
654 3096 895 3130 emonam
920 3097 1100 3132 uncum
1122 3099 1155 3131 x
1177 3084 1238 3132 66
1261 3098 1311 3131 n.
1385 3084 1476 3133 Ov,
1502 3084 1610 3131 Ibis
1632 3084 1741 3133 164.
1795 3084 1939 3132 Burn
1960 3083 2121 3131 Rome
2144 3082 2248 3133 and
2270 3083 2453 3146 Camp.
2485 3086 2565 3133 80.

689 3147 976 3206 245-247
1011 3161 1253 3195 canemus
1276 3161 1459 3197 uncum
1480 3161 1578 3196 Aur
1600 3162 1758 3196 mis
1778 3162 1963 3196 mofflt
1995 3162 2174 3195 numm
2208 3161 2564 3204 scornnosous

498 3224 834 3265 ran-Quamne
867 3225 1122 3259 Excuses
1155 3225 1350 3259 Mincius
1381 3226 1401 3259 1
1434 3213 1494 3261 73
1528 3226 1577 3261 n.
1613 3214 1742 3260 aude
1774 3213 1974 3273 aliquid
2005 3211 2295 3259 brevibus
2334 3213 2563 3273 Gyaris

497 3277 556 3320 et
598 3288 838 3322 carcere
882 3277 1098 3335 diynum.
1165 3291 1199 3322 x
1232 3275 1294 3324 16
1328 3291 1379 3325 n.
1422 3278 1517 3326 170
1554 3290 1609 3324 n.
1673 3277 1807 3324 Plin.
1843 3291 1924 3337 ep.
1967 3290 2032 3323 111
2071 3277 2101 3326 9
2135 3278 2160 3335 ἓ
2190 3277 2255 3323 33
2288 3276 2563 3324 Norbanus

496 3337 791 3385 Licinianus
827 3338 890 3385 in
927 3339 1197 3387 insulam
1233 3342 1477 3399 releyatus
1515 3347 1600 3388 est.
1667 3340 1815 3388 Philo
1852 3340 1909 3387 in
1949 3340 2117 3388 Flacc.
2152 3341 2213 3387 21
2252 3343 2294 3399 (I
2325 3341 2421 3388 543
2462 3341 2556 3402 Μ).

495 3401 645 3461 legat.
671 3404 734 3450 43
760 3404 799 3461 (1
822 3403 935 3466 595)
962 3403 1122 3450 Gaius
1147 3402 1394 3468 (Caligula
1439 3407 1552 3451 sent
1575 3403 1749 3451 orders
1770 3408 1825 3451 to
1845 3403 2044 3452 Andros
2065 3403 2169 3451 and
2190 3403 2460 3451 elsewhere
2481 3404 2564 3451 for

494 3464 585 3512 the
616 3469 881 3514 execution
913 3467 966 3514 of
997 3467 1086 3515 tho
1118 3468 1290 3515 exiles.
1403 3471 1496 3515 ert.
1532 3471 1689 3527 spect.
1713 3469 1777 3515 23
1801 3482 1877 3528 pr.
1909 3482 2019 3516 cum
2039 3470 2201 3527 iyitur
2231 3469 2448 3515 humana
2480 3483 2557 3516 re-

495 3530 715 3578 cordatio
737 3532 887 3578 etiam
907 3532 1204 3592 obstrepente
1224 3532 1394 3592 qratia
1416 3532 1686 3592 voluptatis
1708 3533 2007 3579 damnandos
2029 3546 2108 3579 eos
2129 3538 2325 3579 censeat
2359 3533 2560 3592 ademp-

497 3594 563 3639 tis
617 3595 754 3643 bonis
808 3595 1111 3654 diynitatum
1161 3598 1219 3643 iu
1278 3598 1522 3656 quendam
1582 3596 1899 3655 scopulum
1946 3596 2275 3656 famositatis.
2359 3595 2440 3646 Fr.
2507 3609 2557 3644 v.

494 3655 849 3704 Holtzendorff
868 3658 949 3705 die
970 3658 1492 3719 Deportationsstrafe
1513 3658 1587 3705 im
1607 3662 1730 3708 riim.
1759 3658 2052 3708 Alterthum
2074 3657 2252 3718 Leipz.
2277 3659 2419 3706 1859.

1373 3723 1485 3779 248
1517 3736 1734 3772 Nomius
1755 3723 1969 3783 Bentley
1989 3736 2058 3770 on
2079 3722 2204 3769 Hor.
2229 3736 2274 3770 c.
2298 3737 2362 3769 111
2384 3724 2445 3771 27
2469 3722 2557 3769 34.

1526 3787 1635 3843 219
1659 3801 1756 3834 xnc
1781 3800 1983 3835 scnntm
2014 3799 2114 3835 Nnc
2136 3799 2372 3834 mansur<
2401 3799 2432 3834 v
2455 3786 2558 3833 138
