2725 4317
141 274 482 351 ''124-4133]
613 279 818 335 VENA.
881 282 1144 335 PUGNIS
1191 282 1515 339 GAEDERE
1562 280 1847 337 PECTUS·
2131 284 2225 359 27
2244 288 2268 335 1

966 445 1180 481 immas
1202 447 1485 483 molimus
1508 446 1577 482 on
1598 432 1689 482 the
1709 432 1807 481 abl.
1830 432 1895 481 cf.
1918 446 1990 481 11.
2016 433 2126 483 191.

121 548 130 557 ‚
851 510 1002 545 nunu
1022 511 1180 545 mem
1201 498 1365 547 subst.
1388 512 1486 547 v111
1508 498 1569 553 49
1593 513 1647 547 n.
1704 498 1795 549 Ov,
1823 498 1972 546 Pont.
1995 511 2060 545 111
2081 497 2167 546 4-8
2189 499 2257 547 ad

170 562 420 609 ”redicam
451 559 678 609 dubius
717 562 940 623 consuqit
977 574 1160 621 aeger
1201 576 1350 623 opem.
1422 562 1527 613 Cic.
1572 560 1678 611 Att.
1717 575 1795 609 111
1835 562 1897 611 21
1936 561 2025 611 fin.
2066 561 2090 609 f
2099 561 2255 609 ortis

171 625 432 685 aegroti.
1237 625 1344 682 125
1377 638 1555 673 vitun
1577 640 1631 673 VI
1652 626 1717 674 46
1738 640 1767 673 o
1788 625 2023 687 medici,
2048 627 2257 675 nimiam

161 690 460 751 pertundite
482 693 693 738 venam!
756 687 1026 749 Philippus
1057 690 1199 737 must
1229 688 1360 737 have
1392 688 1523 737 been
1556 703 1623 737 an
1660 689 1871 737 inferior
1900 688 2167 750 physician
2201 690 2256 738 of

169 753 268 801 the
288 752 424 813 <³⁸53
456 751 522 799 he
554 767 674 813 may
693 752 825 800 have
858 750 1074 813 adopted
1104 753 1194 801 the
1224 766 1391 801 name·
1412 753 1467 801 of
1496 752 1825 801 Alexander’s
1846 754 2047 801 famous
2080 753 2252 814 physi-

171 817 296 865 cian
321 817 460 876 (Sen.
480 816 542 864 de
563 817 642 864 ira
664 830 708 863 11
731 818 792 864 23
815 819 842 877 5
864 818 911 865 2.
983 816 1094 865 VM„
1125 817 1268 865 Gurt.
1290 817 1425 867 Plut.
1453 816 1563 871 Art.
1587 817 1774 865 Iustin.
1837 818 1900 865 cf.
1925 816 2253 865 Friedlfinder

171 882 242 928 11³
263 882 380 941 614)
401 897 412 929 :
447 880 666 929 another
687 880 780 930 Ph.
801 881 857 929 of
877 879 1092 941 Epeiros
1124 881 1182 928 in
1214 880 1305 929 the
1334 880 1461 929 time
1484 880 1539 927 oi
1567 880 1846 940 Antigonos
1872 880 2022 940 (Cels.
2046 895 2111 928 111
2133 883 2215 940 21)
2236 899 2249 930 :

169 944 413 1003 another,
457 944 572 993 who
613 947 770 994 wrote
809 958 882 993 on
925 943 1306 1005 consumption,
1349 944 1644 1004 medicineS,
1694 947 1787 991 eto.
1834 945 1976 994 often
2020 945 2153 993 cited
2185 946 2253 1005 by

171 1009 357 1057 Galen.
385 1068 390 1071 ἢ
1129 1009 1237 1066 126
1260 1008 1388 1058 Hor.
1413 1022 1455 1057 Β.
1472 1022 1516 1063 11
1537 1011 1567 1057 3
1592 1010 1652 1055 41
1676 1010 1737 1055 42
1763 1010 1851 1059 hoc
1872 1011 1917 1057 si
1939 1011 2036 1057 erit
2056 1010 2113 1057 in
2141 1016 2185 1057 tc
2213 1009 2224 1074 Ι

166 1073 326 1129 eolo,
350 1071 442 1120 nil
463 1071 648 1133 verbi,
670 1087 846 1134 pereas
869 1074 1220 1136 quinsortiter,
1250 1072 1479 1121 addam.

171 1137 290 1195 127
325 1150 514 1185 rueme
548 1150 782 1185 omnuim.
814 1150 1008 1185 ruerus
1037 1136 1194 1185 Hom.
1227 1136 1290 1189 11.
1315 1150 1405 1185 m
1424 1136 1537 1191 285.
1604 1136 1705 1189 Cic.
1748 1136 1899 1184 Tusc.
1922 1140 2033 1197 1115
2056 1137 2117 1185 62
2151 1139 2249 1184 illa

171 1202 330 1249 varia
385 1208 432 1251 et
486 1202 804 1249 detestabilia
843 1216 1026 1263 qenera
1069 1202 1272 1262 luqendi
1291 1217 1308 1252 .·
1323 1202 1581 1261 paedor-es,
1624 1202 1880 1249 muliebres
1926 1202 2246 1249 lacerationes

171 1279 433 1325 ymarum,
472 1266 761 1325 pectoris,
791 1265 1048 1326 feminum,
1093 1264 1316 1325 capitis
1355 1265 1799 1327 percussiones,
1876 1264 1991 1314 Sen.
2020 1278 2159 1313 cons,
2183 1265 2249 1312 ad

173 1329 336 1376 Marc.
361 1329 392 1377 6
425 1332 476 1389 ἓξ
502 1330 529 1377 1
563 1331 592 1376 2
625 1331 672 1377 si
697 1330 904 1391 fletibus
932 1330 1056 1392 sata
1087 1332 1375 1387 vincuntur,
1414 1330 1736 1391 conferamus.
1802 1335 1887 1377 eat
1922 1331 2077 1378 onmis
2115 1331 2249 1377 inter

173 1396 340 1441 luctus
371 1394 494 1441 dies.
560 1400 746 1441 noctem
777 1394 884 1441 siue
915 1407 1080 1441 somno
1113 1394 1330 1443 tristitia
1365 1400 1633 1441 consumat.
1697 1393 2063 1453 ingerantur
2096 1393 2245 1441 lace-

169 1459 316 1504 rato
349 1455 590 1518 pectori
623 1471 842 1504 manus
874 1460 934 1504 et
964 1457 1030 1504 in
1061 1456 1259 1517 ipsam
1290 1457 1515 1505 faciem
1544 1456 1799 1518 inpetus
1836 1457 1967 1507 fiat.
2037 1456 2243 1507 Petron.

172 1526 200 1568 1
213 1523 271 1568 11
293 1519 386 1568 the
408 1520 672 1581 Ephesian
693 1521 868 1568 widow
889 1536 989 1569 uon
1009 1528 1240 1569 contenta
1257 1523 1457 1581 vulqari
1479 1536 1607 1574 more
1632 1523 1790 1583 funus
1820 1522 1987 1583 passis
2012 1524 2243 1583 prosequi

169 1586 400 1633 crinibus
423 1592 512 1632 aut
528 1585 825 1633 nudatum
845 1587 1063 1646 pectus
1082 1585 1149 1633 in
1170 1587 1504 1645 conspectu
1524 1585 1917 1646 frequentiae
1936 1585 2240 1646 plangere.

171 1650 300 1697 Sen.
324 1648 507 1697 Troad.
534 1650 722 1698 lla—9
755 1652 940 1699 saevite
968 1661 1158 1697 manus.
1187 1647 1196 1714 Ι
1225 1650 1411 1709 pulsu
1446 1652 1629 1697 vasto
1662 1650 1908 1697 tundite
1942 1652 2173 1709 pectus,
2207 1650 2215 1715 Ι

167 1728 274 1761 non
293 1728 403 1760 sum
433 1715 580 1762 solito
611 1719 842 1762 contenta
872 1727 1002 1763 sono,
1035 1711 1044 1779 Ι
1073 1714 1292 1761 Hectora
1315 1716 1513 1775 flemm.
1541 1712 1550 1776 Ι
1582 1715 1675 1761 tibi
1712 1720 1883 1761 nostra
1903 1714 2034 1774 serit
2066 1715 2243 1762 dextra

171 1780 402 1835 lacertos,
430 1775 439 1842 Ι
468 1792 750 1839 umerosque
773 1778 904 1839 ferit
937 1780 1031 1825 tibi
1073 1779 1382 1835 sanquinem.
1418 1776 1426 1841 Ι
1458 1780 1551 1825 tibi
1572 1784 1743 1826 nostra
1774 1780 1957 1837 eaput
1995 1776 2243 1827 dextera

167 1841 402 1901 pulsat.
468 1842 590 1891 Luc.
627 1856 670 1888 11
701 1843 779 1890 38.
840 1856 906 1889 111
939 1843 1050 1893 733.
1117 1842 1294 1889 Winer
1323 1840 1679 1891 Realworterb.
1730 1843 1937 1889 Trauer.
2003 1841 2244 1901 Forbigez¹

167 1906 214 1952 12
236 1906 332 1953 202
355 1920 406 1954 n.
431 1905 544 1953 428.
611 1905 906 1965 Marquardt
926 1920 958 1952 v
981 1904 1047 1967 (1)
1072 1906 1180 1955 361.
1660 1906 1770 1962 128
1792 1918 1983 1952 mcum
2016 1918 2241 1953 conruu-

165 1982 312 2016 :onnn
337 1969 438 2018 Cic.
462 1970 566 2017 Att.
590 1983 613 2016 1
636 1971 664 2017 1
687 1974 714 2030 ς
733 1970 760 2017 1
781 1977 905 2031 puto
930 1971 1346 2031 te...in9emuisse.
1389 1976 1449 2019 ut
1470 1969 1735 2017 frontem
1758 1969 1965 2017 ferias.
2010 1968 2079 2017 id.
2094 1970 2240 2025 Brut,

165 2038 195 2093 ξ
219 2034 332 2086 278.
397 2034 611 2093 Quintil.
636 2047 680 2080 11
699 2035 760 2082 12
783 2038 810 2094 5
836 2035 894 2081 10
915 2047 986 2094 pe
999 2042 1151 2096 ctus,
1176 2033 1449 2085 frontem
1471 2033 1737 2089 caedere,
1760 2035 1883 2081 mire
1906 2032 1975 2080 ad
1987 2035 2243 2094 pullatum

167 2099 416 2145 circulum
428 2099 579 2159 facit.
650 2098 718 2147 ib.
745 2112 801 2145 11
821 2100 851 2146 3
875 2102 902 2157 ξ
927 2099 1035 2145 123.
1701 2097 1808 2154 129
1832 2110 2239 2151 οῠΑΝυοοσιυΕΜ

165 2162 214 2209 ‘L
238 2161 428 2209 Miiller
461 2161 522 2209 de
553 2176 606 2209 re
639 2162 851 2210 metrica.
871 2162 968 2210 406
1000 2161 1140 2222 gives
1173 2176 1206 2213 a
1231 2160 1322 2213 list
1355 2160 1411 2211 os
1439 2163 1585 2223 poeta
1604 2160 1719 2209 who
1751 2161 1969 2221 employ‚
1993 2160 2095 2209 and
2125 2161 2240 2209 who

163 2224 388 2281 eschew,
409 2227 654 2288 siquidem
669 2225 772 2273 and
794 2240 874 2288 qu.
1644 2238 1946 2273 emensum
1965 2239 2059 2272 ns'r
2082 2239 2241 2273 uuus

164 2290 319 2338 ²when
351 2304 384 2338 a
413 2304 538 2337 man
569 2290 667 2337 has
686 2288 790 2337 hed
809 2290 986 2345 losses,
1009 2288 1077 2337 he
1101 2290 1262 2337 closes
1282 2288 1366 2337 his
1389 2288 1565 2351 house,
1604 2303 1661 2339 as
1683 2290 1763 2337 for
1793 2304 1825 2337 a
1856 2290 2089 2339 funeral:
2124 2290 2235 2343 Liv.

165 2367 224 2400 11
245 2357 276 2405 7
299 2358 326 2415 5
349 2356 398 2402 8.
466 2353 582 2402 Tac.
608 2368 650 2401 11
683 2355 760 2403 82.
833 2355 970 2415 [Ov.]
993 2353 1058 2402 ad
1080 2354 1192 2401 Liv.
1216 2353 1345 2415 Aug.
1372 2356 1479 2403 183.

165 2419 276 2476 131
315 2418 503 2479 Grang.
541 2420 668 2465 cites
702 2418 948 2477 Querolus
976 2432 1026 2477 p.
1065 2421 1094 2470 7
1129 2419 1191 2466 15
1225 2419 1402 2478 Peiper
1436 2417 1599 2465 where
1635 2416 1724 2466 the
1757 2417 1861 2465 Lar
1899 2431 2015 2478 says
2042 2426 2240 2480 patrem

155 2497 368 2544 pereqre
411 2489 655 2531 mortuum
697 2484 914 2530 audivit.
981 2483 1070 2530 hui
1108 2497 1255 2543 quam
1285 2484 1512 2543 yraviter
1546 2484 1712 2533 dolet!
1755 2489 1813 2530 ut
1851 2490 1967 2531 sunt
2001 2484 2235 2543 humana,

163 2546 314 2594 credo
350 2548 476 2608 quid
517 2546 679 2596 nihil
721 2546 1012 2593 relictum
1049 2548 1299 2607 comperit.
1368 2547 1429 2593 13
1474 2547 1535 2595 19
1581 2560 1681 2606 seq.
1725 2546 1828 2594 Lar
1864 2549 1918 2593 to
1958 2546 2235 2607 Querolus:

171 2614 186 2637 ‘
205 2610 317 2659 Tell
339 2624 424 2659 me
447 2610 582 2658 what
605 2610 846 2671 specially
866 2610 1093 2657 troubles
1117 2610 1252 2671 you!
1317 2608 1415 2669 Qu.
1452 2610 1559 2657 ‘Do
1589 2624 1691 2671 you
1721 2610 1871 2657 know
1903 2610 2018 2659 that
2050 2611 2081 2659 Ι
2109 2609 2237 2661 have

163 2674 326 2735 lately
345 2675 448 2722 lost
476 2689 564 2735 my
595 2673 764 2722 father
779 2674 816 2722 ’θ’
881 2674 983 2723 Lar
1033 2688 1192 2723 nonne
1227 2675 1316 2721 hoc
1346 2676 1535 2721 iustum
1560 2676 1685 2735 fuit,
1724 2676 1914 2723 bustum
1952 2682 2008 2723 ut
2044 2676 2238 2739 efferret

149 2741 302 2802 filius
323 2742 345 2787 β
411 2739 509 2799 Qu.
535 2740 718 2801 fatcor,
739 2740 827 2787 sed
839 2746 990 2801 pater
1009 2740 1114 2799 ipse
1135 2736 1300 2785 nihil
1323 2737 1595 2798 reliquit.

163 2816 783 2853 Pmneunrun...rtnmm
805 2802 1020 2863 Capitol.
1042 2801 1290 2849 Antonin.
1313 2801 1437 2862 phil.
1469 2805 1531 2849 18
1554 2809 1814 2863 tantusque
1831 2804 1973 2851 illius
1994 2818 2133 2851 amor
2152 2804 2236 2853 die

161 2869 295 2927 reqii
331 2866 577 2914 funeris
599 2870 801 2923 claruit,
823 2874 882 2914 ut
901 2881 1039 2915 nemo
1061 2868 1208 2914 illum
1237 2866 1651 2926 plangendum
1684 2869 1943 2923 censuerit,
1981 2867 2052 2919 all
2083 2867 2237 2927 being

161 2930 380 2979 asem-ed
399 2931 454 2979 oi
473 2930 556 2979 his
578 2934 756 2978 return
777 2939 832 2978 to
853 2930 1067 2989 heaven,
1089 2928 1257 2979 which
1276 2928 1383 2977 had
1401 2930 1511 2977 lent
1530 2929 1643 2977 him
1662 2932 1718 2977 to
1740 2930 1902 2978 earth.

557 2995 666 3053 132
690 3009 866 3043 miron·
891 2995 1008 3043 Sen.
1033 3008 1111 3055 ep.
1137 2994 1197 3043 63
1223 2996 1249 3053 ξ
1273 2994 1304 3040 2
1318 3008 1415 3055 per
1436 2996 1666 3041 lacrimas
1688 3000 1976 3055 aryume'nta
1997 2994 2234 3043 desiderii

159 3060 448 3121 quaerimus
469 3066 518 3108 et
546 3062 760 3107 dolorem
779 3074 880 3107 uon
899 3060 1163 3121 sequimur,
1197 3059 1284 3105 sed
1306 3060 1618 3106 ostendimus.
1671 3073 1808 3107 nemo
1833 3060 1989 3106 tristi-s
2009 3058 2103 3105 sibi
2127 3065 2197 3106 est
2212 3076 2229 3107 .-

159 3141 188 3171 ο
227 3124 483 3185 infelicem
513 3125 609 3172 sibi
640 3125 947 3171 stultitiam!
1002 3129 1074 3170 est
1105 3123 1284 3183 aliqua
1321 3127 1371 3169 et
1410 3124 1591 3170 doloris
1623 3124 1845 3170 ambitio.
1919 3124 1973 3181 ἐς
1998 3122 2043 3173 9.
2076 3123 2134 3169 13
2160 3124 2233 3181 (of

158 3187 306 3235 dolor
326 3187 654 3249 inveteratus)
687 3194 778 3235 aut
809 3190 940 3235 enim
977 3185 1316 3234 simulatus
1349 3193 1443 3233 aut
1474 3188 1655 3233 stultus
1688 3192 1777 3235 est.
1842 3185 1995 3233 Mart.
2019 3199 2040 3231 1
2061 3186 2123 3233 33
2148 3187 2176 3233 1
2200 3188 2229 3235 2

158 3254 400 3299 amissum
420 3266 519 3299 nou
543 3254 654 3313 flet,
679 3266 788 3300 cum
807 3254 916 3301 sola
937 3258 1026 3308 est,
1054 3252 1221 3299 Gellia
1233 3257 1433 3313 patrem
1450 3266 1468 3301 .·
1498 3248 1507 3313 Ι
1534 3252 1581 3297 si
1602 3252 1717 3311 quis
1737 3251 1893 3307 adest,
1924 3251 2088 3297 iussae
2113 3264 2229 3311 pro·

157 3318 343 3363 siliunt
366 3318 614 3365 lacrimae.
1506 3327 1710 3361 vestrum
1731 3326 1990 3362 monemus
2010 3326 2231 3361 sumam

157 3396 191 3426 x
226 3380 322 3428 261
363 3379 458 3429 262
497 3387 555 3428 ut
579 3382 769 3441 primos
806 3380 947 3427 edere
985 3375 1316 3441 planctus!
1349 3378 1631 3426 Cassandra
1654 3379 1895 3438 inciperet
1942 3376 2229 3438 scissaque

157 3446 418 3505 Polyxena
451 3444 632 3504 palla.
703 3443 798 3492 Ov.
837 3457 908 3490 m.
946 3456 982 3490 v
1010 3444 1107 3492 398
1140 3449 1198 3490 ut
1233 3456 1465 3490 summa
1498 3444 1731 3489 vestem
1768 3443 1993 3489 laniarat
2022 3442 2085 3489 ab
2118 3456 2223 3492 ora.

158 3508 372 3568 slightly
401 3510 457 3555 to
490 3510 600 3555 tear
631 3507 722 3555 the
755 3520 920 3567 upper
950 3506 1074 3567 edge
1107 3507 1162 3555 of
1198 3506 1287 3555 the
1322 3506 1465 3554 tunic
1506 3505 1578 3569 (to
1613 3504 1731 3552 b'are
1768 3504 1859 3553 the
1896 3504 2065 3552 breast
2099 3506 2253 3565 127).-

156 3572 316 3620 Hand
339 3586 406 3619 on
431 3572 590 3619 Gron.
615 3570 764 3619 distr.
791 3586 812 3617 1
835 3572 946 3619 558.
1488 3571 1493 3575 '
1688 3569 1795 3625 133
1816 3582 2016 3618 vnmn
2038 3583 2230 3617 ocums

157 3649 340 3684 υΜοΒΕ
371 3649 554 3683 coAcro
586 3650 638 3684 v1
662 3636 866 3686 273-5,
906 3635 1014 3683 Ter.
1036 3649 1151 3683 eun.
1173 3635 1233 3685 67
1259 3633 1320 3681 68
1352 3646 1457 3680 una
1488 3634 1585 3681 illa
1615 3634 1850 3681 mehercle
1874 3633 2017 3694 falsa
2044 3633 2227 3683 lacri-

155 3700 339 3760 mula,
371 3697 380 3764 Ι
410 3714 588 3760 quam
615 3699 826 3747 oculos
847 3698 1350 3747 terendomisera
1370 3697 1471 3745 vix
1491 3696 1551 3745 vi
1573 3696 1966 3756 expresserit.
2033 3699 2160 3746 Aen.
2184 3713 2229 3748 11

156 3764 254 3815 196
275 3764 456 3811 Heius,
487 3763 637 3811 Forb.
659 3764 891 3826 captique
915 3764 1060 3820 dolis,
1092 3761 1489 3821 lacrimisque
1517 3760 1770 3811 coactis.
1840 3761 1988 3821 Prop.
2017 3775 2040 3811 1
2062 3763 2123 3813 15
2146 3764 2228 3813 40.

157 3830 248 3879 Ov.
280 3842 441 3877 amor.
465 3841 487 3875 1
509 3830 540 3875 8
563 3830 626 3875 83
649 3830 848 3876 discant
870 3826 1033 3876 oculi
1053 3825 1380 3875 lacrimare
1403 3824 1615 3877 coacti.
1675 3827 1794 3877 met.
1819 3839 1873 3874 v1
1890 3826 2002 3877 628.
