2725 4317
500 267 536 315 2
553 266 586 315 2
770 255 1166 305 couchmA
1208 253 1357 305 cor
1425 253 1825 306 PARRAsmS.
1891 253 2101 306 MYBO.
2181 252 2335 319 [vm
2359 253 2461 311 101
2485 238 2592 310 102

500 395 563 442 18
585 397 629 446 7.
702 394 851 444 Mart.
876 409 974 444 vm
998 398 1060 444 28
1082 396 1127 451 9.
1404 431 1410 436 -
1861 409 2152 446 commu
2170 409 2194 445 1
2214 399 2277 449 27
2298 411 2351 450 n.
2424 410 2488 447 111
2511 400 2586 450 81.

498 473 574 506 vn
599 459 789 507 135-6
810 474 862 507 n.
930 460 1077 509 Lucr.
1100 472 1155 508 Ἡ
1180 461 1304 512 1072
1327 475 1815 522 purpureusque
1838 462 2008 509 colos
2030 461 2330 523 conchyli
2352 465 2591 523 merqitur

496 539 601 571 una
629 523 636 587 Ι
666 539 865 584 corpore
886 539 996 572 cum
1019 526 1180 572 lanae.
1249 524 1384 574 Plin.
1411 525 1464 573 h.
1489 540 1543 573 n.
1568 527 1787 586 1x5124
1823 525 2158 587 conchylia
2189 531 2250 574 et
2280 541 2589 588 purpuras

496 592 653 637 omnis
677 590 799 636 hora
822 590 1014 647 atterit,
1043 590 1221 649 quibus
1251 591 1422 637 eadem
1449 597 1608 638 mater
1638 592 1843 638 luxuria
1867 591 2026 652 paria
2044 606 2206 652 paene
2230 599 2279 639 et
2299 595 2587 651 maryaritis

491 654 818 715 pretiasecit.
886 652 1122 713 ib.5130
1144 655 1441 702 concharum
1463 655 1531 702 ad
1563 668 1877 715 purpuras
1906 656 1967 703 et
1997 655 2332 716 conchylis.
2357 657 2587 720 (eedem

498 718 662 766 enim
707 719 805 765 est
848 716 1118 766 materia
1163 716 1268 765 sed
1312 717 1509 766 distat
1556 720 2078 780 temperamento)
2118 721 2214 769 duo
2246 728 2360 769 sunt
2389 736 2585 781 ρεπεν-α.

498 782 793 844 Marquerdt
822 796 856 830 v
889 784 918 830 2
943 782 1050 832 121.
1132 782 1241 830 The
1280 782 1463 843 purple
1499 798 1602 831 was
1639 782 1839 831 diluted
1876 787 1931 832 to
1968 784 2118 832 make
2162 787 2494 847 conchylium,
2536 788 2590 835 of

497 846 662 895 which
684 847 830 895 there
852 862 981 895 were
1003 847 1149 895 three
1171 846 1426 904 varieties‚
1452 847 1544 895 the
1568 847 1684 895 blue
1715 848 1769 895 of
1796 848 1886 896 the
1916 848 2203 909 heliotrope
2226 850 2328 898 and
2351 848 2441 899 the
2463 851 2587 899 mal·

497 912 604 974 low,
631 911 734 960 and
754 912 845 960 the
868 912 1051 973 golden
1072 911 1175 960 hue
1198 912 1252 959 of
1271 911 1360 959 the
1384 913 1602 959 autumn
1623 911 1781 960 violet
1814 913 1946 960 Plin.
1971 927 2058 960 xx1
2080 917 2106 974 5
2128 913 2209 962 46.

690 992 780 1026 coA
812 993 854 1025 11
888 978 951 1026 66
974 992 1077 1039 seq.
1133 991 1190 1025 vt
1223 978 1493 1027 259—260.
1567 976 1684 1026 Son.
1718 976 1784 1025 cd
1812 976 1960 1026 Helv.
1999 978 2061 1025 16
2093 979 2176 1039 54
2206 996 2464 1043 nunquam
2496 985 2589 1032 tibi

491 1044 689 1103 placuit
716 1043 930 1101 vestie,
957 1058 1107 1105 quac
1137 1042 1212 1092 ad
1243 1042 1415 1090 nihil
1445 1041 1618 1090 eliud
1651 1057 1833 1104 quem
1864 1044 1932 1090 ut
1956 1041 2244 1102 nudaret,
2269 1060 2587 1107 compone-

498 1109 685 1158 retur.
745 1107 874 1157 Pliu.
903 1123 958 1156 11
980 1111 1003 1167 5
1028 1109 1088 1159 76
1111 1109 1166 1156 of
1187 1106 1459 1169 bombyces
1497 1110 1620 1155 telas
1646 1122 1941 1156 araneorum
1963 1109 2103 1155 modo
2129 1116 2300 1157 texunt
2322 1112 2391 1158 ad
2412 1119 2591 1160 vestem

498 1174 753 1234 luxumque
794 1175 1113 1235 seminarum,
1158 1187 1283 1233 quae
1319 1174 1611 1235 bombycina
1650 1174 1949 1234 appellatur.
2004 1175 2176 1234 prima
2213 1189 2294 1222 eas
2340 1178 2589 1225 redordiri

496 1252 758 1299 rursusque
795 1245 952 1285 texere
989 1239 1182 1286 invenit
1225 1239 1283 1285 in
1328 1236 1451 1284 Coo
1486 1239 1666 1285 mulier
1704 1238 1977 1298 Pamphila
1998 1274 2010 1286 .
2039 1274 2052 1286 .
2078 1271 2090 1287 .
2118 1276 2129 1287 .
2157 1255 2257 1287 non
2290 1242 2590 1303 fraudanda

495 1303 659 1360 aloria
679 1304 989 1361 excoyitatae
1011 1305 1244 1359 rationis,
1267 1308 1325 1348 ut
1348 1303 1562 1349 denudet
1574 1303 1795 1364 feminas
1819 1304 1984 1351 vestis.
2051 1305 2075 1361 5
2098 1306 2159 1355 77
2185 1307 2443 1365 bombycas
2468 1314 2515 1353 et
2535 1309 2591 1353 in

497 1364 616 1413 Coo
659 1368 830 1413 insula
871 1369 1012 1415 nasci
1051 1369 1268 1415 tradunt.
1343 1365 1516 1427 [Then
1554 1366 1751 1413 follows
1789 1380 1855 1413 an
1893 1372 2110 1414 account
2141 1368 2194 1413 of
2233 1368 2322 1416 the
2359 1370 2510 1417 mode
2540 1372 2592 1418 of

494 1429 713 1490 keeping
755 1430 845 1478 the
890 1430 1216 1492 silkworms]
1285 1434 1311 1492 5
1352 1432 1415 1481 78
1465 1445 1553 1477 nec
1577 1432 1764 1492 puduit
1813 1433 1901 1478 has
1953 1439 2108 1479 vestes
2152 1447 2393 1493 usurpare
2441 1438 2592 1482 etiam

495 1497 625 1542 viros
668 1497 920 1543 levitatem
955 1504 1160 1557 propter
1204 1498 1464 1544 aestivam.
1535 1495 1660 1543 Hor.
1700 1508 1741 1543 c.
1783 1510 1836 1542 ιν
1871 1496 1929 1543 13
1975 1498 2034 1543 13
2082 1497 2247 1545 Acron
2294 1513 2382 1545 nec
2433 1499 2591 1547 Coae

492 1561 713 1621 referunt
744 1561 849 1607 iam
888 1562 981 1608 tibi
1018 1575 1346 1621 purpurae.
1416 1560 1482 1610 id.
1526 1574 1567 1609 s.
1614 1575 1634 1607 1
1670 1562 1699 1607 2
1736 1562 1939 1618 101-5,
2016 1561 2313 1622 Msrquerdt
2346 1577 2379 1610 v
2414 1565 2443 1610 2
2482 1566 2587 1613 124.
2619 1595 2626 1606 .

1689 1627 1797 1683 102
1833 1640 2065 1674 numen
2097 1628 2223 1674 Hor.
2249 1642 2291 1675 c.
2316 1642 2369 1675 1v
2392 1630 2425 1675 8
2447 1628 2588 1677 5—8.
2621 1679 2624 1688 ,

493 1690 612 1739 Ath.
635 1706 713 1740 ΧΠ
736 1692 852 1746 5430
875 1707 977 1753 seq.
1014 1708 1045 1741 a
1068 1691 1269 1753 painter
1291 1692 1346 1738 of
1368 1690 1610 1751 Ephesus
1637 1690 1788 1750 (Plin.
1816 1705 1945 1738 xxxv
1966 1696 1991 1752 5
2018 1691 2119 1754 67),
2146 1706 2176 1739 a
2199 1695 2591 1755 contemporary
2621 1695 2628 1714 ²

493 1756 547 1803 of
569 1756 767 1806 Zeuxis.
842 1757 1055 1816 Quintil.
1080 1769 1158 1804 111
1183 1757 1243 1803 10
1269 1759 1294 1815 5
1319 1756 1350 1802 4
1386 1757 1576 1802 Zeuxis
1601 1764 1751 1817 atque
1775 1757 2045 1805 Parrasius
2068 1772 2168 1805 non
2192 1759 2401 1805 multum
2423 1766 2589 1807 aetate

493 1822 749 1879 distantes,
780 1824 918 1870 circa
939 1822 1297 1881 Peloponnesia
1329 1822 1470 1868 ambo
1507 1828 1725 1883 tempora
1759 1821 1892 1882 (nam
1914 1836 2024 1869 cum
2045 1822 2285 1870 Parrasio
2315 1838 2471 1871 sermo
2503 1825 2588 1872 So-

492 1888 646 1933 cratis
667 1887 802 1947 apud
823 1887 1186 1946 Xenophontem
1220 1886 1395 1946 [mem.
1421 1899 1485 1931 111
1512 1886 1572 1932 10
1603 1889 1629 1945 5
1656 1886 1682 1932 1
1708 1886 1833 1946 seq]
1868 1885 2145 1949 invenitur)
2176 1888 2454 1948 plurimum
2485 1891 2588 1935 arti

492 1952 806 2000 addiderunt.
885 1965 1092 2013 quorum
1112 1983 1126 1998 .
1152 1986 1165 1999 .
1194 1986 1206 1998 .
1232 1952 1474 1997 secundus
1516 1953 1818 1998 examinasse
1863 1953 2098 1999 subtilius
2139 1955 2298 2000 lineas
2347 1955 2585 2002 traditur.

493 2015 570 2074 55
601 2018 680 2063 ita
711 2017 1096 2076 circumscripsit
1129 2016 1312 2072 omnia,
1346 2022 1406 2063 ut
1438 2030 1548 2064 eum
1582 2018 1740 2075 leyum
1775 2018 1979 2065 latorem
2010 2024 2195 2077 vocent,
2236 2020 2358 2078 quia
2390 2019 2591 2066 deorum

492 2087 639 2142 atque
663 2082 859 2129 heroum
879 2082 1058 2141 effiyies
1082 2082 1252 2141 quales
1276 2082 1339 2128 ab
1359 2096 1412 2129 eo
1436 2089 1552 2128 sunt
1578 2082 1814 2136 traditae,
1833 2084 1999 2139 ceteri,
2025 2088 2277 2142 tamquam
2298 2084 2376 2129 ita
2398 2097 2588 2131 necesse

490 2148 574 2202 sit,
598 2153 886 2207 sequuntur.
943 2144 1102 2193 Isocr.
1126 2144 1171 2193 d.
1201 2149 1419 2206 permut.
1446 2149 1472 2205 5
1498 2146 1526 2191 2
1550 2160 1598 2207 p.
1620 2147 1731 2193 310.
1793 2144 1923 2195 Plin.
1946 2145 2014 2196 ib.
2040 2150 2066 2205 5
2090 2147 2150 2194 65
2175 2148 2483 2195 descendisse
2508 2149 2589 2195 hic

492 2213 547 2257 in
567 2219 808 2258 certamen
830 2226 941 2258 cum
962 2212 1187 2258 Zeuxide
1220 2211 1443 2257 traditur
1471 2217 1519 2257 et
1549 2225 1659 2258 cum
1687 2212 1774 2259 ille
1810 2212 2071 2258 detulisset
2090 2226 2215 2260 uvas
2241 2213 2411 2272 pictas
2447 2217 2587 2260 tanto

491 2290 714 2323 successu
746 2282 803 2322 ut
834 2278 892 2323 in
921 2289 1115 2323 scenam
1137 2290 1252 2322 aves
1285 2277 1592 2336 advolarent,
1634 2277 1739 2337 ipse
1776 2277 2010 2323 detulisse
2049 2278 2257 2323 linteum
2281 2276 2478 2337 pictum
2510 2280 2590 2325 ita

491 2342 699 2388 veritate
729 2347 1111 2402 repraesentata,
1140 2346 1198 2386 ut
1220 2341 1409 2387 Zeuxis
1446 2342 1625 2388 alitum
1656 2342 1849 2388 iudicio
1886 2347 2072 2389 tumens
2093 2341 2359 2401 flayitaret
2388 2343 2591 2391 tandem

491 2412 669 2452 remoto
686 2408 835 2453 linteo
854 2404 1043 2451 ostendi
1060 2406 1315 2465 picturam
1337 2413 1485 2466 atque
1510 2407 1763 2453 intellecto
1789 2420 1949 2453 errore
1974 2407 2255 2454 concederet
2269 2408 2495 2466 palmam
2511 2409 2590 2455 in-

490 2483 646 2526 ¹‹Jenuo
657 2472 861 2531 pudore,
884 2471 1119 2530 quoniam
1135 2471 1238 2530 ipse
1256 2472 1476 2517 volucres
1485 2471 1771 2531 fefellisset,
1790 2471 2062 2517 Parrasius
2077 2477 2242 2518 autem
2255 2485 2305 2517 se
2323 2472 2586 2532 artificem.

492 2532 561 2580 ib.
585 2537 636 2593 55
656 2534 812 2585 67-8
829 2536 1022 2595 primus
1043 2537 1364 2597 symmetrian
1380 2537 1614 2596 picturae
1638 2536 1795 2595 dedit,
1813 2537 2006 2596 primus
2032 2535 2259 2594 aryutias
2282 2538 2462 2596 voltus,
2493 2539 2590 2584 ele·

491 2601 714 2657 yantiam
730 2600 925 2660 capilli,
944 2606 1251 2647 venustatem
1271 2602 1388 2659 oris,
1411 2602 1710 2662 confessione
1733 2601 1986 2661 artificum
2001 2603 2058 2647 in
2073 2601 2218 2647 lineis
2235 2603 2462 2648 extremis
2471 2603 2589 2663 pal·

492 2677 619 2711 mam
635 2665 854 2725 adeptus.
883 2666 1002 2713 haec
1018 2672 1090 2712 est
1100 2667 1332 2725 picturae
1350 2680 1535 2712 summa
1548 2666 1809 2725 suptilitas
1826 2701 1837 2712 .
1854 2701 1865 2713 .
1890 2698 1903 2711 .
1920 2671 2132 2712 extrema
2150 2679 2406 2725 corporum
2412 2667 2592 2727 facere

493 2734 541 2775 et
569 2729 835 2776 desinentis
862 2731 1095 2790 picturae
1118 2732 1313 2777 modum
1334 2730 1585 2777 includere
1620 2743 1792 2777 rarum
1819 2732 1878 2777 in
1906 2743 2130 2777 successu
2161 2731 2287 2776 artis
2311 2730 2588 2780 invenitur.

493 2794 675 2841 ambire
699 2795 828 2841 enim
856 2809 904 2841 se
934 2796 1048 2855 ipsa
1079 2796 1219 2842 debet
1251 2796 1533 2842 extremitas
1566 2801 1615 2841 et
1643 2796 1713 2841 sic
1738 2795 1960 2842 desinere
1985 2801 2043 2841 ut
2058 2795 2324 2854 promittat
2346 2796 2457 2842 alia
2471 2804 2592 2856 post

493 2874 542 2906 se
564 2860 882 2919 ostendatque
915 2861 1067 2907 etiam
1097 2875 1222 2920 quae
1253 2861 1485 2908 occultat.
1563 2858 1670 2906 The
1695 2872 1899 2906 sources
1931 2859 2010 2905 for
2032 2857 2123 2905 the
2145 2857 2273 2905 lives
2296 2857 2400 2905 and
2421 2860 2590 2908 works

494 2925 547 2971 of
578 2923 722 2971 these
758 2924 934 2972 artists
974 2939 1058 2972 are
1092 2923 1333 2972 collected
1364 2923 1423 2971 in
1455 2923 1537 2972 Fr.
1574 2922 1713 2970 Iunii
1741 2923 1806 2971 de
1835 2922 2037 2984 pictura
2062 2924 2308 2983 veterum,
2345 2922 2586 2974 Roterod.

497 2989 619 3038 1694
652 2989 736 3038 fol.
805 2988 904 3035 Iul.
944 2988 1090 3049 Sillig
1123 2989 1381 3049 catalogus
1416 2987 1671 3036 artificum
1705 2986 1886 3035 Dresd.
1913 2988 2039 3038 1827
2071 2989 2181 3035 svo.
2252 2986 2299 3034 J.
2326 2987 2590 3036 Overbeck

495 3054 575 3101 die
617 3054 828 3102 antiken
874 3052 1270 3113 Schriftquellen
1313 3068 1406 3100 zur
1451 3053 1633 3101 Gesch⁶
1680 3051 1772 3100 der
1813 3051 2091 3101 bildenden
2130 3052 2328 3100 Kiinste
2363 3051 2448 3100 bei
2487 3052 2591 3101 den

495 3119 760 3176 Griechen,
795 3117 967 3177 Leipz.
1003 3118 1128 3165 1868
1163 3119 1274 3165 SVO.
1342 3118 1406 3166 cf.
1436 3117 1503 3167 H.
1536 3117 1716 3165 Brunn
1746 3117 1930 3167 Gesch.
1961 3119 2009 3168 d.
2033 3133 2104 3178 gr.
2131 3114 2391 3176 Ki'mstler‚
2422 3116 2589 3166 Stutt·
2629 3133 2634 3144 ·

495 3187 620 3243 gart,
657 3184 894 3240 1857-9,
933 3183 963 3229 2
984 3182 1111 3231 vols.
1149 3183 1261 3233 SVO.
1310 3182 1340 3230 J
1345 3182 1413 3232 ul.
1453 3182 1710 3230 Overbeck
1750 3182 1934 3230 Gesch.
1977 3182 2023 3231 d.
2045 3197 2117 3242 gr.
2144 3181 2362 3238 Plastik,
2398 3181 2483 3228 2ιιᾱ
2506 3182 2589 3231 ed.

496 3249 666 3309 Leipz.
694 3249 816 3297 1869
841 3250 953 3295 SVO.
1543 3260 1767 3294 urnoms
1801 3246 1929 3296 Plin.
1959 3260 2111 3294 xxxw
2132 3250 2157 3306 5
2180 3247 2241 3296 57
2265 3245 2592 3305 Myronem
2649 3289 2654 3306 ,

496 3312 861 3361 Eleutheris
892 3313 1112 3360 netum
1142 3314 1396 3373 Ayeladae
1421 3314 1510 3373 [an
1534 3311 1716 3371 Argivo
1738 3312 1851 3359 who
1874 3310 1978 3359 had
1999 3309 2284 3358 instructed
2306 3310 2592 3371 Polyclitus
2659 3355 2664 3368 ,

497 3378 605 3424 also
626 3381 652 3437 5
675 3379 756 3439 55]
793 3384 841 3425 et
866 3379 1027 3438 ipsum
1056 3379 1356 3437 discipulum
1384 3378 1565 3424 bucula
1592 3379 1804 3424 maxime
1830 3378 2125 3425 nobilitavit
2152 3377 2412 3424 celebratis
2433 3379 2592 3424 versi·

499 3444 585 3489 bus
618 3444 825 3490 laudata
863 3456 959 3502 e.g.
997 3441 1138 3490 anth.
1174 3440 1283 3489 Pel.
1319 3454 1376 3488 11
1408 3442 1678 3492 713-742.
1720 3443 1928 3491 793-8.
1998 3440 2086 3491 Ον.
2124 3440 2271 3488 Pont.
2301 3453 2356 3487 ιν
2382 3442 2408 3488 1
2432 3441 2500 3487 34
2531 3449 2592 3489 ut

496 3508 674 3555 similis
695 3522 840 3555 verae
869 3521 1029 3553 vacca·
1057 3504 1336 3566 Myronis
1370 3520 1503 3566 opus.
1578 3505 1771 3553 Auson.
1797 3506 1954 3567 epigr.
1979 3505 2185 3555 58-68.
2259 3504 2325 3551 In
2346 3504 2438 3552 the
2458 3505 2592 3553 time

498 3571 552 3618 of
572 3571 744 3619 Cicero
769 3571 927 3635 (Verr.
957 3574 1054 3630 1v5
1084 3570 1193 3633 135)
1219 3569 1263 3617 it
1282 3584 1385 3617 was
1416 3570 1523 3618 still
1555 3573 1608 3618 at
1632 3571 1842 3629 Athene,
1877 3570 1935 3617 in
1957 3570 2045 3617 the
2068 3569 2193 3619 time
2214 3570 2269 3617 of
2300 3568 2592 3630 Prokopius

503 3635 569 3698 (b.
595 3634 749 3682 Goth.
774 3649 826 3682 1v
849 3636 929 3694 21)
966 3636 1018 3685 at
1052 3635 1225 3685 Rome.
1301 3634 1505 3683 Several
1538 3636 1591 3682 of
1622 3634 1706 3682 his
1737 3635 1899 3682 works
1930 3649 2056 3681 were
2087 3632 2326 3682 removed
2346 3636 2401 3680 to
2424 3633 2594 3681 Rome

500 3699 632 3748 Plin.
654 3699 720 3750 ib.
749 3704 801 3760 55
826 3702 986 3750 57-8
1010 3702 1285 3758 Herculem,
1316 3701 1405 3761 qui
1429 3707 1500 3746 est
1523 3702 1659 3759 apud
1685 3702 1888 3747 Circum
1916 3703 2180 3746 maximum
2210 3700 2266 3745 in
2296 3700 2419 3745 aede
2443 3699 2592 3746 Pom-

493 3767 601 3827 peii
623 3766 801 3824 Mayni
827 3801 838 3813 .
870 3797 882 3810 .
908 3800 920 3812 .
949 3765 1245 3823 Apollinem,
1277 3777 1417 3822 quem
1445 3764 1507 3809 ab
1540 3765 1800 3809 triumviro
1833 3765 2050 3809 Antonio
2081 3764 2333 3809 miblatum
2360 3763 2593 3809 restituit

498 3830 732 3892 Ephesiis
755 3830 899 3876 divus
923 3829 1170 3887 Auqustus
1199 3828 1484 3874 admonitus
1511 3827 1569 3872 in
1599 3828 1778 3889 quiete.
1850 3824 1959 3873 The
1983 3824 2232 3871 Hercules
2255 3838 2357 3873 was
2389 3824 2595 3874 carried
