2725 4317
139 270 248 337 261
271 276 402 340 262]
567 274 974 327 SAcnnAEGn.
1043 275 1186 325 'mn
1231 275 1485 326 WORLD
1531 276 1577 325 A
1622 277 1865 328 suen.
2073 291 2111 359 3
2124 288 2213 360 35

140 442 354 488 avenger
372 428 474 475 lost
497 442 624 475 even
645 428 730 476 his
753 427 1010 477 defensive
1025 440 1246 477 armour.
1289 428 1355 476 cf.
1379 426 1469 475 the
1488 428 1677 477 rebuke
1698 430 1754 475 to
1776 426 1866 475 the
1890 441 2029 475 same
2046 426 2215 475 father

139 494 193 540 of
209 494 370 540 Rome
401 493 481 539 for
509 492 592 539 his
613 493 814 551 neglect
839 507 882 539 11
901 494 1153 543 129—132
1186 494 1409 541 traditur
1437 506 1543 541 ecce
1560 496 1669 541 viro
1692 494 1857 541 claras
1877 507 2049 552 genere
2066 500 2213 552 atque

140 559 309 618 opibus
349 559 469 605 vir.-
499 554 650 621 {nec
694 557 939 616 galeam
970 571 1250 617 quassas,
1287 570 1377 605 nee
1410 562 1592 605 terram
1623 556 1825 617 cuspide
1862 556 2213 630 pulsas,1nec

140 622 352 682 quereri-5
389 623 574 682 patri?
616 620 775 669 vade
819 634 968 681 ergo
1019 624 1080 669 et
1131 620 1277 669 cede
1325 619 1529 667 severi
1569 621 1577 682 Ι
1613 619 1938 681 iugeribus
1987 620 2207 681 campi,

140 696 316 745 quem
361 684 678 745 neglegis!
755 684 874 733 Just
924 698 981 732 so
1024 684 1146 732 here
1188 684 1256 732 he
1295 682 1395 731 has
1440 686 1497 731 to
1539 684 1711 743 resign
1756 684 1846 731 the
1890 684 2109 743 custody
2158 684 2214 731 of

141 753 368 797 treasure
423 752 479 796 to
534 748 624 795 the
677 762 822 795 more
876 749 1006 796 alert
1063 749 1262 796 Castor.
1326 747 1439 795 Liv.
1484 760 1581 795 xxv
1626 750 1655 795 3
1706 749 1732 805 5
1788 749 1817 793 2
1868 748 2113 807 speaking
2158 748 2213 796 of

141 813 226 860 the
261 813 418 873 spoils
451 812 505 860 of
550 812 797 873 Syracuse
841 826 887 861 B.
906 826 947 862 c.
989 814 1083 859 212
1129 814 1246 860 inde
1281 815 1501 873 primum
1540 814 1749 859 initium
1790 814 2012 859 mirandi
2059 814 2212 860 Grae·

141 892 308 925 caram
339 878 524 924 artium
565 892 714 938 opera
755 876 1194 937 licentiaeque
1235 876 1385 923 huie
1430 888 1605 923 sacra
1646 876 2037 937 profanaque
2084 890 2210 923 om-

139 942 250 988 nia
293 941 472 1000 vulgo
516 940 846 999 spoliandi
870 942 1069 1002 saetam
1111 948 1200 998 est,
1248 954 1408 1000 quae
1452 943 1772 1001 postremo
1804 939 1868 986 in
1900 940 2210 987 Romanos

141 1006 305 1063 deos,
341 1004 648 1065 templum
682 1004 748 1051 id
789 1004 998 1065 ipsum
1043 1003 1335 1064 primum,
1380 1003 1541 1063 quod
1576 1018 1607 1051 a
1650 1003 1953 1051 Marcello
1987 1003 2211 1051 eximie

141 1070 436 1117 ornatum
479 1070 592 1125 est,
638 1067 853 1116 vertit.
910 1070 993 1127 §3
1033 1070 1326 1116 visebant-ur
1363 1070 1494 1115 enim
1536 1069 1601 1116 ab
1645 1070 1859 1116 externis
1904 1069 1973 1115 ad
2010 1075 2211 1129 portam

145 1135 395 1194 Capenam
423 1133 655 1180 dedicata
685 1148 720 1179 a
743 1134 816 1179 M.
840 1134 1082 1180 Marcello
1116 1134 1298 1193 templa
1323 1140 1528 1193 propter
1558 1134 1854 1181 excellentia
1882 1134 1987 1180 eius
2017 1135 2209 1192 generis

143 1204 443 1255 ornamenta,
493 1210 758 1256 quorum
806 1196 1145 1256 perexigua
1189 1210 1332 1257 pars
1380 1197 1713 1255 comparet.
1780 1196 1931 1243 Mart.
1978 1210 2031 1243 VI
2074 1197 2135 1245 72
2179 1211 2211 1243 a

143 1261 356 1320 Priapus
379 1260 559 1310 stolen.
587 1259 734 1307 anth.
761 1260 869 1308 Pal.
891 1274 947 1307 xi
970 1262 1159 1311 174—7
1177 1260 1381 1307 various
1403 1259 1563 1307 thefts
1586 1260 1640 1307 of
1661 1258 1809 1320 gods3
1843 1274 1941 1308 one
1963 1260 2031 1320 by
2042 1260 2210 1308 whom

141 1324 228 1372 the
263 1324 398 1371 thies
430 1338 532 1371 was
569 1326 624 1371 to
660 1338 832 1381 swear,
873 1339 904 1372 a
942 1322 1162 1371 Hermes
1197 1324 1359 1384 guard
1388 1324 1444 1372 of
1470 1338 1502 1372 a
1533 1324 1876 1385 gymnasium,
1914 1339 1947 1372 a
1973 1324 2212 1371 Phoebus

141 1392 222 1437 τὸν
273 1388 368 1437 τῶν
423 1391 728 1436 κλεπτόντων
779 1392 1034 1449 μανὺτορα.
1112 1402 1200 1435 xvr
1253 1390 1364 1436 238.
1436 1388 1483 1435 A
1544 1388 1731 1437 soldier
1790 1388 2063 1437 murdered
2126 1390 2207 1436 for

141 1453 330 1513 jesting
383 1454 436 1500 at
489 1452 580 1499 the
633 1452 856 1527 burm’ng
897 1454 950 1500 of
990 1452 1230 1500 Fortune’
1234 1466 1258 1499 s
1299 1452 1491 1513 temple
1542 1451 1703 1501 Small
1746 1452 1905 1500 books
1954 1468 2024 1501 on
2071 1456 2211 1513 great

143 1517 370 1579 subjecta
397 1528 486 1564 m
514 1518 624 1565 219.
692 1516 836 1577 epist.
867 1516 933 1565 ad
959 1516 1194 1576 Diognet.
1219 1518 1249 1563 2
1279 1518 1304 1575 ξ
1333 1517 1364 1565 6
1399 1520 1477 1565 διὰ
1506 1520 1647 1565 τοῦτο
1671 1520 1853 1576 μισεῖτε
1882 1518 2212 1601 Xpwrcav01553

142 1585 214 1629 ὅτι
265 1582 462 1630 τούτους
513 1584 602 1641 οὐχ
645 1582 870 1641 ἡγοῦνται
915 1580 1054 1631 θεοὺς.
1127 1584 1155 1641 ἓ
1188 1581 1217 1629 7
1259 1582 1382 1639 ὑμεῖς
1422 1579 1522 1643 ’γὰρ
1571 1585 1719 1630 αἰνεῖν
1762 1585 2056 1641 νομίζοντες.
2122 1586 2213 1631 .οὐ

143 1648 270 1693 πολὺ
313 1647 464 1693 πλέον
509 1644 663 1693 αὐτῶν
709 1648 1081 1707 καταφρονεῖτε;
1133 1648 1188 1693 οὖ
1231 1648 1359 1693 πολὺ
1398 1648 1588 1705 μᾶλλον
1630 1648 1805 1695 αὐτοὺς
1834 1650 2095 1707 χλευάζετε
2134 1650 2213 1694 καὶ

144 1712 372 1771 ὑβρίζετε,
415 1710 524 1758 τοὺς
557 1712 642 1767 μὲν
681 1711 880 1758 λιθίνους
924 1712 1002 1757 καὶ
1037 1710 1337 1771 ὀστρακίνους
1374 1712 1594 1770 σέβοντες
1632 1712 1947 1770 ἀφυλάκτους,
1989 1714 2117 1759 τοὺς
2156 1712 2214 1758 δὲ

145 1776 471 1836 ἀργυρέους
510 1776 606 1821 καὶ
639 1772 895 1835 χρυσοῦς
931 1776 1313 1835 έγκλείοντες
1344 1776 1475 1821 ταῖς
1506 1775 1632 1833 uvi-'l
1676 1777 1771 1822 καὶ
1809 1777 1941 1823 ταῖς
1976 1776 2213 1838 ἡμέραις

144 1838 413 1899 φυλακας
441 1840 1018 1899 παρακαθιστάντες,
1049 1839 1141 1886 ἵνα.
1169 1842 1246 1898 μὴ
1275 1840 1611 1895 κλαπῶσινς
1646 1837 1795 1898 Cypr.
1810 1838 2205 1887 adDemetrian.

145 1904 206 1949 14
235 1904 319 1950 vel
350 1904 397 1949 si
429 1903 548 1963 quid
583 1902 662 1949 dis
702 1904 802 1949 tuis
839 1902 1058 1951 ‘numinis
1103 1908 1152 1949 et
1184 1904 1448 1963 potestatis
1492 1908 1580 1959 est,
1624 1900 1747 1961 ipsi
1789 1902 1853 1949 in
1896 1902 2211 1949 ultionem

145 1980 321 2014 suam
367 1967 652 2025 surgant,
712 1964 844 2026 ipsi
899 1980 958 2013 se
1007 1980 1121 2013 sua
1164 1964 1509 2013 maiestate
1560 1936 1913 2014 defendant.
1990 1972 2046 2013 at
2088 1966 2213 2027 quid

135 2038 396 2091 praestare
429 2031 696 2077 colentibus
721 2037 928 2091 possunt
959 2029 1066 2090 qui
1109 2044 1172 2077 se
1214 2028 1286 2077 de
1327 2042 1450 2076 non
1490 2028 1850 2076 colentibus
1882 2028 2211 2077 vindicare

143 2110 265 2143 non
310 2094 613 2155 possunt?
678 2109 797 2141 nam
828 2095 873 2141 si
899 2109 952 2141 eo
987 2097 1075 2155 qui
1107 2094 1399 2141 vindicatur
1425 2095 1589 2154 pluris
1622 2100 1693 2141 est
1723 2095 1812 2141 ille
1846 2095 1934 2153 qui
1960 2096 2207 2153 vindicat,

145 2168 200 2206 tn
229 2162 312 2207 dis
339 2161 438 2205 tuis
467 2160 627 2205 maior
656 2172 718 2207 es.
789 2160 836 2205 si
869 2172 982 2218 erqo
1018 2160 1095 2205 his
1130 2172 1248 2218 quos
1282 2160 1403 2205 colis
1430 2159 1591 2204 maior
1619 2172 1684 2214 es,
1715 2172 1814 2205 non
1848 2165 1903 2205 tu
1934 2172 2010 2205 eos
2040 2158 2209 2217 colere,

143 2224 228 2271 sed
260 2225 328 2270 ab
360 2224 468 2269 illis
500 2223 598 2270 coli
632 2224 788 2269 debes.
854 2224 928 2269 sic
971 2223 1086 2269 illos
1131 2224 1286 2269 laesos
1328 2223 1458 2269 ultio
1492 2227 1657 2270 vestra
1695 2220 1929 2283 defendit,
1979 2224 2213 2282 quomodo

145 2294 190 2335 et
233 2287 488 2335 clausos
530 2299 608 2333 ne
649 2289 914 2345 pereant
956 2285 1168 2333 tutela
1208 2287 1425 2333 vestra
1468 2285 1767 2333 custodit.
1824 2286 2020 2348 pudeat
2054 2292 2105 2334 te
2136 2300 2213 2333 eos

145 2352 298 2399 colere
340 2364 458 2411 quos
494 2350 597 2410 ipse
633 2350 874 2411 defendis,
908 2352 1099 2411 pudeat
1133 2349 1401 2397 tutelam
1446 2348 1519 2397 de
1548 2349 1633 2397 iis
1676 2364 1917 2411 sperare
1952 2364 2105 2410 quos
2148 2354 2217 2407 tu,

145 2415 367 2463 tueris.
435 2414 558 2460 Arn.
581 2427 634 2460 VI
657 2415 720 2461 20
740 2416 787 2461 si
811 2422 1034 2474 apertum
1053 2416 1190 2461 vobis
1213 2420 1262 2461 et
1285 2414 1533 2474 liquidum
1555 2420 1627 2461 est
1651 2414 1709 2461 in
1740 2417 1991 2473 siynornm
2010 2416 2213 2463 visceri-

145 2482 226 2527 bus
251 2481 370 2527 deos
389 2480 553 2525 vivere
577 2484 724 2538 atque
751 2480 978 2526 habitare
1001 2479 1217 2537 caelites,
1249 2491 1357 2525 cur
1390 2492 1491 2525 eos
1514 2478 1627 2525 sub
1658 2478 2071 2527 validissimis
2096 2480 2213 2527 cla-

143 2543 330 2591 vibus
368 2542 867 2602 ingentibusque
916 2541 1024 2590 sub
1057 2541 1372 2600 claustris,
1418 2542 1528 2589 sub
1572 2543 1901 2603 repagulis,
1942 2542 2214 2603 pessulis

145 2610 364 2669 aliisque
405 2606 685 2653 huiusmodi
729 2608 872 2654 rebus
905 2606 1264 2663 custoditis,
1299 2607 1699 2654 conservatis
1744 2610 1928 2667 atque
1966 2606 2214 2655 habetis

143 2672 442 2726 inelusoS,
467 2684 534 2717 ac
555 2670 814 2717 neforte
847 2670 949 2717 fur
980 2668 1214 2730 aliquis
1247 2673 1350 2717 aut
1380 2672 1723 2718 nocturnus
1757 2670 2003 2732 inrepat
2032 2672 2209 2731 latre,

145 2733 420 2783 aedituis
441 2734 612 2781 mille
633 2734 962 2795 protegitis
985 2736 1170 2793 atque
1193 2734 1667 2782 excubitoribus
1688 2735 1893 2783 mille?
1945 2738 2040 2783 cet.
2078 2735 2215 2783 Zosi-

143 2814 264 2847 mus
285 2812 320 2846 ν
343 2800 406 2845 38
431 2800 486 2858 ἐξ
509 2798 634 2847 6-9
655 2812 942 2858 vengeance
963 2812 1033 2845 on
1059 2798 1263 2855 Serena,
1285 2798 1401 2845 who
1421 2797 1526 2846 had
1549 2799 1715 2846 stolen
1736 2799 1895 2847 Rhea'
1898 2814 1922 2845 s
1944 2798 2213 2856 necklace3

143 2862 467 2975 &miza
497 2861 724 2985 ξέᾱὲἓεζ,
733 2861 1701 2986 253021331133212201‘2333030*¹⁶32
1719 2862 1982 2977 355&ssssss
2002 2862 2217 2988 &30²2

145 2994 200 3039 oi
239 2991 336 3039 the
367 2986 554 3051 golden
584 2990 750 3051 plates
783 2990 918 3037 from
950 2989 1041 3037 the
1073 2989 1224 3039 doors
1255 2990 1310 3037 of
1340 2990 1431 3037 the
1464 2990 1680 3051 Capitol.

1223 3102 1226 3105 ,
1295 3054 1407 3111 262
1454 3066 1559 3113 seq.
1595 3066 1661 3101 111
1704 3054 1767 3103 39
1810 3054 1888 3103 40.
1960 3054 2086 3102 Hor.
2133 3069 2209 3115 ep.

145 3134 187 3168 11
229 3121 257 3167 1
307 3118 499 3168 197—ss
554 3118 876 3177 spectaret
925 3117 1222 3179 populum
1280 3117 1452 3165 ludis
1504 3119 1819 3166 intentius
1871 3118 2049 3178 ipsis,
2092 3116 2102 3183 Ι
2147 3123 2219 3165 ut

143 3184 268 3231 sibi
312 3182 721 3242 praebentem
763 3180 960 3229 nimio
1005 3181 1372 3242 spectacula
1413 3182 1609 3242 plura.
1678 3182 1845 3230 Obbar
1877 3181 1943 3229 ib.
1976 3197 1997 3229 1
2034 3186 2093 3233 17
2136 3184 2216 3232 29.

143 3245 214 3297 id.
241 3249 342 3295 sat.
366 3259 410 3292 11
431 3248 462 3293 8
484 3246 546 3296 79
568 3247 726 3293 nullis
751 3248 826 3293 hie
846 3247 1045 3294 mallem
1068 3246 1206 3294 ludos
1228 3254 1486 3307 spectasse,
1518 3248 1597 3293 ‘as
1620 3246 1749 3305 good
1772 3260 1827 3294 as
1850 3260 1883 3294 a
1902 3246 2034 3307 play.
2041 3249 2053 3271 ’
2124 3247 2217 3294 Ov.

143 3312 400 3360 Pont.1v
432 3309 461 3357 3
494 3310 558 3359 49
595 3308 763 3357 ludit
799 3310 863 3357 in
900 3309 1193 3357 humanis
1233 3308 1455 3357 divina
1492 3310 1783 3387 potentia
1819 3310 2015 3358 rebus.
2099 3310 2218 3359 Seu.

143 3390 221 3437 ep.
249 3374 365 3433 805
395 3376 424 3424 7
459 3375 540 3421 hic
571 3374 739 3421 vitae
783 3373 1097 3421 humanae
1140 3373 1388 3431 mimus,
1422 3378 1509 3435 qui
1542 3376 1681 3422 nobis
1708 3382 1896 3435 partes,
1932 3390 2057 3437 quas
2090 3376 2219 3423 male

143 3452 369 3501 agamus,
420 3439 670 3499 adeiynat.
736 3436 807 3485 id.
861 3452 999 3485 cons.
1054 3438 1226 3499 Polyb.
1285 3438 1403 3486 16:
1358 3440 1475 3487 —35
1532 3439 1556 3497 ξ
1610 3440 1639 3485 2
1695 3441 1918 3487 Fortuna
1972 3440 2215 3499 inpotem,

144 3504 322 3566 quales
375 3514 444 3549 ex
497 3500 782 3549 humanis
835 3500 1016 3549 malis
1070 3502 1188 3549 tibi
1241 3500 1377 3563 ipsa
1427 3501 1606 3551 ludos
1660 3502 1851 3551 facis!
1919 3502 2035 3550 Tac.
2092 3516 2217 3551 ann.

145 3582 210 3615 111
272 3568 337 3614 18
397 3566 539 3625 mihi,
605 3574 790 3627 quanto
847 3568 1000 3627 plura
1063 3569 1330 3615 recentium
1388 3581 1477 3615 sen
1532 3574 1751 3615 veterum
1802 3568 2013 3626 revolve,
2078 3574 2218 3615 tanto

143 3633 310 3693 mayis
352 3629 632 3678 ludibria
675 3642 881 3677 rerum
932 3630 1292 3677 mortalium
1337 3630 1591 3678 cunetis
1636 3631 1695 3678 in
1736 3630 2015 3692 negotiis
2052 3633 2219 3679 obver-

143 3704 345 3745 santur.
423 3692 620 3741 Lucian
687 3692 883 3754 Nigrin.
943 3695 1008 3742 20
1069 3697 1448 3756 μαρτυρουμένης
1508 3698 1592 3755 τῆς
1652 3694 1807 3755 Τύχης
1872 3697 2123 3752 παίζειν
2150 3696 2224 3745 τῶ

146 3758 260 3809 τῶν
319 3756 727 3819 ἀνθρώπωνπ·
774 3760 1031 3820 άγματα.
1118 3758 1360 3807 Philostr.
1391 3759 1555 3819 Apoll.
1604 3770 1659 3807 xv
1702 3760 1765 3808 36
1808 3762 1835 3819 ἕ
1880 3760 1911 3806 2
1958 3759 2075 3808 ‘the
2117 3774 2222 3809 em-

143 3836 298 3886 peror
334 3834 503 3871 comes
541 3776 764 3871 iorward)
793 3836 862 3871 on
894 3822 984 3870 the
1021 3820 1225 3870 Roman
1265 3824 1420 3883 stage,
1465 3822 1569 3871 and
1602 3824 1733 3873 lives
1770 3822 1895 3871 with
1928 3822 2222 3885 gladiatore,
