2725 4317
602 930 814 989 VITA
868 931 941 991 D.
992 930 1193 991 IUNI
1246 930 1727 991 IUVENALIS

264 1246 470 1303 IUNIUS
524 1240 858 1301 IUVENALIS
911 1244 1176 1301 libertini
1229 1244 1539 1320 locupletis
1581 1244 1869 1303 incertum
1920 1245 2074 1303 filius
2128 1266 2205 1303 an

131 1344 406 1400 alumnus
456 1341 531 1397 ad
582 1338 834 1396 mediam
886 1340 1007 1397 fere
1063 1345 1316 1397 aetatem
1372 1340 1737 1413 declamavit,
1793 1341 1978 1397 animi
2022 1344 2209 1417 magis

131 1457 312 1496 causa
363 1456 532 1511 quam
585 1436 743 1511 quod
798 1434 1027 1492 scholae
1061 1442 1151 1492 'se
1213 1440 1319 1491 aut
1365 1436 1505 1517 *foro
1572 1442 1957 1512 praepararet.
2070 1436 2207 1494 dein

59 1546 70 1597 ἰ
129 1552 447 1613 paucorum
481 1547 760 1589 versuum
797 1537 996 1589 satura
1035 1550 1158 1587 non
1199 1531 1448 1589 absurde
1474 1533 1791 1607 composita
1830 1532 1894 1588 in
1934 1532 2207 1589 Paridem

126 1630 556 1709 pantomimum
624 1636 972 1705 poetamque
1047 1628 1463 1687 semenstribus
1528 1627 1817 1685 militiolis
1880 1635 2207 1686 tumentem

126 1746 320 1803 genus
348 1727 664 1801 scripturae
690 1725 1044 1782 industriose
1079 1724 1354 1783 excoluit.
1440 1731 1501 1782 et
1526 1730 1725 1782 tamen
1750 1725 1854 1782 diu
1880 1744 1955 1781 ne
1981 1726 2207 1781 modico

125 1824 372 1901 quidem
411 1822 698 1879 auditorio
731 1822 1052 1899 quidquam
1085 1822 1449 1879 committere
1481 1829 1570 1879 est
1604 1841 1797 1892 ausu8‚
1824 1841 1965 1879 mox
1996 1840 2207 1896 magna

122 1920 460 1996 frequentia
499 1924 787 1994 tantoque
835 1938 1102 1975 successu
1150 1916 1262 1997 [bis
1305 1938 1373 1975 ac
1414 1916 1531 1997 ter]
1578 1919 1815 1977 auditus
1867 1926 1973 1991 est,
2014 1926 2087 1976 ut
2139 1940 2207 1976 ea

61 2024 96 2081 Ο
122 2036 361 2095 quoque
401 2034 549 2091 quae
587 2016 777 2094 prima
815 2015 1032 2072 fecerat
1072 2016 1369 2073 inferciret
1408 2016 1578 2072 novis
1618 2016 1851 2091 scriptis

289 2145 446 2221 quod
484 2164 603 2200 non
645 2144 790 2201 dant
827 2164 1107 2219 proceres,
1153 2144 1318 2200 dabit
1355 2142 1583 2202 histrio,
1653 2150 1722 2201 tu
1766 2143 2099 2200 Camerinos

287 2248 348 2297 et
390 2240 622 2309 Bareas,
662 2245 733 2295 tu
772 2239 1060 2295 nobilium
1099 2258 1313 2313 magna
1351 2239 1505 2295 atria
1544 2240 1753 2297 curas?

283 2336 606 2413 praefectos
646 2334 896 2411 Pelopea
935 2335 1093 2407 facit,
1138 2334 1467 2391 Philomela
1504 2334 1787 2393 tribunos·

115 2475 248 2527 erat
303 2474 454 2523 tunc
505 2465 572 2521 in
623 2464 848 2523 deliciis
901 2465 1070 2527 aulae
1123 2466 1332 2523 histrio
1385 2466 1676 2542 multique
1728 2467 2027 2525 fautorum
2082 2468 2207 2525 eius

59 2568 82 2623 5
111 2564 340 2621 cotidie
384 2560 870 2637 provehebantur.
955 2561 1122 2618 venit
1169 2580 1306 2636 ergo
1349 2562 1653 2621 Iuvenalis
1696 2563 1762 2619 in
1804 2563 2203 2638 suspitionem,

109 2658 292 2735 quasi
317 2664 589 2731 tempora
613 2656 862 2730 figurate
889 2662 1168 2728 notasset,
1183 2676 1266 2714 ‚ac
1293 2656 1499 2713 statim
1523 2676 1629 2731 per
1652 2656 1933 2714 honorem
1959 2657 2207 2714 militiae

106 2772 486 2831 quamquam
511 2753 916 2827 octogenarius
944 2753 1089 2809 urbe
1117 2758 1457 2835 summotus,
1478 2758 1569 2810 est
1593 2754 1919 2829 missusque
1946 2754 2021 2817 ad
2049 2772 2207 2829 prae·

103 2856 414 2909 secturam
467 2848 724 2905 cohortis
777 2848 842 2903 in
897 2854 1160 2905 extrema
1211 2853 1383 2923 parte
1434 2850 1700 2925 Aegypti
1751 2850 2061 2906 tendentis,
2144 2848 2209 2905 id

103 2946 376 3025 supplici
404 2965 590 3021 genus
615 2945 854 3020 placuit,
889 2950 958 3001 ut
993 2944 1115 3002 levi
1151 2951 1330 3021 atque
1368 2945 1615 3003 ioculari
1645 2945 1858 3002 delicto
1895 2965 2003 3021 par
2038 2953 2199 3003 esset.

57 3046 70 3093 θ
98 3063 327 3101 verum
355 3043 522 3099 intra
547 3040 959 3097 brevissimum
983 3048 1216 3117 tempus
1245 3060 1460 3117 angore
1486 3061 1553 3098 ac
1578 3042 1773 3099 taedio
1799 3041 1990 3117 periit.

203 3216 226 3249 ³
243 3214 582 3277 temporibus
613 3212 813 3263 Claudii
847 3212 1066 3261 Neronis
1097 3213 1161 3261 ad
1189 3216 1300 3262 vita
1332 3216 1439 3263 cod.
1476 3216 1607 3264 Voss.
1641 3213 1649 3280 1
1675 3214 1697 3249 θ
1712 3214 1995 3265 Domitiam·
2027 3217 2207 3274 panto-

91 3296 342 3345 mimum
381 3299 521 3345 Voss.
551 3294 562 3361 Ι
587 3294 928 3357 ⁶poetamque
958 3295 1014 3343 P.
1048 3295 1272 3345 Statium
1307 3297 1445 3345 Voss.
1476 3294 1485 3360 1
1513 3295 1556 3327 1⁴
1569 3296 1625 3343 in
1653 3294 1849 3344 deliciis
1877 3295 2013 3355 apud
2035 3294 2204 3343 Traia-

89 3391 236 3425 num
273 3376 657 3437 imperatorem
693 3377 803 3423 vita
837 3376 944 3423 cod.
967 3376 1153 3424 Boram.
1185 3374 1194 3440 1
1224 3375 1268 3409 1⁰
1289 3376 1531 3425 extremis
1570 3372 1853 3423 Domitiani
1892 3374 2205 3435 temporibus

85 3456 308 3504 missus
349 3456 418 3503 in
456 3452 669 3503 exilium
701 3456 812 3505 vita
863 3456 972 3504 cod.
1007 3455 1340 3516 Kulenkamp.
1370 3454 1378 3519 Ι
1408 3454 1449 3488 1⁷
1473 3453 1724 3503 Traianus
1762 3452 1882 3501 fecit
1914 3467 2031 3501 eum
2061 3468 2205 3515 prae-

81 3539 306 3586 fectum
342 3535 580 3586 militum
607 3537 788 3585 contra
818 3534 996 3585 Scotos
1025 3524 1134 3584 cod.
1157 3537 1347 3584 Βοηοπ.
1377 3533 1385 3598 Ι
1415 3534 1457 3567 2⁰
1478 3538 1683 3595 tempus
1716 3536 1818 3583 θεὸς
1850 3535 1987 3584 αὐτὸς
2020 3534 2206 3584 adscri-

77 3616 240 3665 bitur
279 3616 536 3664 divorum
577 3614 730 3662 choro
771 3613 1144 3674 revertiturque
1179 3612 1439 3662 Iuvenalis
1480 3612 1715 3671 Romam,
1757 3611 1846 3673 qui
1889 3612 2100 3662 tandem
2144 3614 2209 3663 ad

73 3698 304 3747 Nervae
371 3700 432 3745 et
491 3693 724 3761 Traiani.
751 3692 1095 3755 principatum
1140 3694 1469 3755 supervivens
1512 3692 1655 3741 senio
1696 3695 1747 3741 et
1790 3692 1959 3741 taedio
2006 3696 2141 3743 Voss.
2169 3696 2178 3759 Ι

69 3780 123 3812 2⁰
145 3776 406 3828 decessit
447 3775 602 3838 longo
645 3775 790 3825 senio
841 3775 1102 3825 confectus
1153 3774 1270 3823 exul
1313 3774 1577 3823 Antonino
1619 3772 1711 3822 Pio
1753 3773 2057 3835 imperatore
2101 3778 2204 3825 cod.

65 3862 460 3923 Kulenkamp.
