<?xml version="1.0" encoding="UTF-8"?>
<!DOCTYPE html PUBLIC "-//W3C//DTD XHTML 1.0 Transitional//EN"
    "http://www.w3.org/TR/xhtml1/DTD/xhtml1-transitional.dtd">
<html xmlns="http://www.w3.org/1999/xhtml" xml:lang="en" lang="en">
 <head>
  <title>
</title>
<meta http-equiv="Content-Type" content="text/html;charset=utf-8" />
  <meta name='ocr-system' content='tesseract 3.04.00' />
  <meta name='ocr-capabilities' content='ocr_page ocr_carea ocr_par ocr_line ocrx_word'/>
</head>
<body>
  <div class='ocr_page' id='page_1' title='image "./thirteensatires06mayogoog_0375.png"; bbox 0 0 2725 4317; ppageno 0'>
   <div class='ocr_carea' id='block_1_1' title="bbox 185 268 2265 360">
    <p class='ocr_par' dir='ltr' id='par_1_1' title="bbox 185 268 2265 360">
     <span class='ocr_line' id='line_1_1' title="bbox 185 268 2265 360; baseline -0.002 -34"><span class='ocrx_word' id='word_1_1' title='bbox 185 268 296 327; x_wconf 87' lang='grc'>318</span> <span class='ocrx_word' id='word_1_2' title='bbox 317 268 447 331; x_wconf 88' lang='grc'>319]</span> <span class='ocrx_word' id='word_1_3' title='bbox 817 272 1140 324; x_wconf 78' lang='lat' dir='ltr'>GARDENS</span> <span class='ocrx_word' id='word_1_4' title='bbox 1186 272 1272 322; x_wconf 80' lang='lat' dir='ltr'>OF</span> <span class='ocrx_word' id='word_1_5' title='bbox 1315 271 1681 323; x_wconf 83' lang='lat' dir='ltr'>EPICURUS.</span> <span class='ocrx_word' id='word_1_6' title='bbox 2120 288 2162 357; x_wconf 77' lang='lat'><em>3</em></span> <span class='ocrx_word' id='word_1_7' title='bbox 2170 289 2265 360; x_wconf 85' lang='lat'>49</span> 
     </span>
    </p>
   </div>
   <div class='ocr_carea' id='block_1_2' title="bbox 175 396 2261 3277">
    <p class='ocr_par' dir='ltr' id='par_1_2' title="bbox 175 396 2261 3277">
     <span class='ocr_line' id='line_1_2' title="bbox 191 396 2261 461; baseline 0.003 -16"><span class='ocrx_word' id='word_1_8' title='bbox 191 396 405 457; x_wconf 74' lang='grc' dir='ltr'>ἀδριστός</span> <span class='ocrx_word' id='word_1_9' title='bbox 437 414 493 445; x_wconf 86' lang='grc' dir='ltr'>τε</span> <span class='ocrx_word' id='word_1_10' title='bbox 527 399 608 446; x_wconf 76' lang='grc' dir='ltr'>καὶ</span> <span class='ocrx_word' id='word_1_11' title='bbox 646 398 973 461; x_wconf 80' lang='grc' dir='ltr'>δυσπόριστος·</span> <span class='ocrx_word' id='word_1_12' title='bbox 1041 399 1066 447; x_wconf 82' lang='grc' dir='ltr'><strong>ὁ</strong></span> <span class='ocrx_word' id='word_1_13' title='bbox 1107 398 1188 447; x_wconf 71' lang='grc' dir='ltr'>οὖν</span> <span class='ocrx_word' id='word_1_14' title='bbox 1236 399 1299 460; x_wconf 79' lang='grc' dir='ltr'>τῇ</span> <span class='ocrx_word' id='word_1_15' title='bbox 1343 400 1484 459; x_wconf 85' lang='grc' dir='ltr'>φύσει</span> <span class='ocrx_word' id='word_1_16' title='bbox 1529 401 1891 449; x_wconf 77' lang='grc' dir='ltr'>κατακολουθῶν</span> <span class='ocrx_word' id='word_1_17' title='bbox 1922 400 1999 448; x_wconf 76' lang='grc' dir='ltr'>καὶ</span> <span class='ocrx_word' id='word_1_18' title='bbox 2046 402 2113 459; x_wconf 79' lang='grc' dir='ltr'>μὴ</span> <span class='ocrx_word' id='word_1_19' title='bbox 2156 404 2261 451; x_wconf 86' lang='grc' dir='ltr'>ταῖς</span> 
     </span>
     <span class='ocr_line' id='line_1_3' title="bbox 189 460 2260 526; baseline 0.002 -15"><span class='ocrx_word' id='word_1_20' title='bbox 189 464 341 511; x_wconf 82' lang='grc' dir='ltr'>κεναῖς</span> <span class='ocrx_word' id='word_1_21' title='bbox 361 463 514 521; x_wconf 78' lang='grc' dir='ltr'>δόξαις</span> <span class='ocrx_word' id='word_1_22' title='bbox 537 464 587 509; x_wconf 86' lang='grc' dir='ltr'>έν</span> <span class='ocrx_word' id='word_1_23' title='bbox 613 465 763 511; x_wconf 78' lang='grc' dir='ltr'>πᾶσιν</span> <span class='ocrx_word' id='word_1_24' title='bbox 797 464 1046 526; x_wconf 84' lang='grc' dir='ltr'>αὐτάρκης.</span> <span class='ocrx_word' id='word_1_25' title='bbox 1103 466 1218 526; x_wconf 87' lang='grc' dir='ltr'>πρὸς</span> <span class='ocrx_word' id='word_1_26' title='bbox 1241 467 1340 526; x_wconf 88' lang='grc' dir='ltr'>γὰρ</span> <span class='ocrx_word' id='word_1_27' title='bbox 1372 466 1427 511; x_wconf 86' lang='grc' dir='ltr'>τὸ</span> <span class='ocrx_word' id='word_1_28' title='bbox 1456 460 1522 522; x_wconf 61' lang='lat' dir='ltr'>rb*</span> <span class='ocrx_word' id='word_1_29' title='bbox 1552 467 1693 525; x_wconf 89' lang='grc' dir='ltr'>φύσει</span> <span class='ocrx_word' id='word_1_30' title='bbox 1726 465 1895 525; x_wconf 78' lang='grc' dir='ltr'>ἀρκοῦν</span> <span class='ocrx_word' id='word_1_31' title='bbox 1926 467 2065 512; x_wconf 75' lang='grc' dir='ltr'>πᾶσα</span> <span class='ocrx_word' id='word_1_32' title='bbox 2097 468 2260 525; x_wconf 83' lang='grc' dir='ltr'>κτῆσίς</span> 
     </span>
     <span class='ocr_line' id='line_1_4' title="bbox 190 525 2252 589; baseline 0.003 -17"><span class='ocrx_word' id='word_1_33' title='bbox 190 528 295 574; x_wconf 80' lang='grc' dir='ltr'>ἐστι</span> <span class='ocrx_word' id='word_1_34' title='bbox 325 529 539 576; x_wconf 83' lang='grc' dir='ltr'>πλοῦτος.</span> <span class='ocrx_word' id='word_1_35' title='bbox 609 525 678 574; x_wconf 88' lang='lat' dir='ltr'>ib.</span> <span class='ocrx_word' id='word_1_36' title='bbox 703 528 908 576; x_wconf 85' lang='lat'><strong>28—31.</strong></span> <span class='ocrx_word' id='word_1_37' title='bbox 984 527 1048 575; x_wconf 75' lang='lat' dir='ltr'>cf.</span> <span class='ocrx_word' id='word_1_38' title='bbox 1073 526 1144 574; x_wconf 86' lang='lat' dir='ltr'>id.</span> <span class='ocrx_word' id='word_1_39' title='bbox 1167 527 1296 574; x_wconf 82' lang='lat' dir='ltr'>abst.</span> <span class='ocrx_word' id='word_1_40' title='bbox 1322 540 1343 573; x_wconf 90' lang='lat'>1</span> <span class='ocrx_word' id='word_1_41' title='bbox 1366 527 1575 574; x_wconf 82' lang='lat'><strong>49-52.</strong></span> <span class='ocrx_word' id='word_1_42' title='bbox 1640 527 1867 587; x_wconf 79' lang='lat' dir='ltr'>Bernays</span> <span class='ocrx_word' id='word_1_43' title='bbox 1892 526 2143 589; x_wconf 85' lang='lat' dir='ltr'>Theophr.</span> <span class='ocrx_word' id='word_1_44' title='bbox 2168 530 2252 581; x_wconf 88' lang='lat' dir='ltr'>iib.</span> 
     </span>
     <span class='ocr_line' id='line_1_5' title="bbox 188 588 2258 652; baseline 0.002 -16"><span class='ocrx_word' id='word_1_45' title='bbox 188 588 550 649; x_wconf 67' lang='lat' dir='ltr'>Frcmmigkeit</span> <span class='ocrx_word' id='word_1_46' title='bbox 584 590 661 638; x_wconf 90' lang='lat'>16.</span> <span class='ocrx_word' id='word_1_47' title='bbox 699 590 905 639; x_wconf 82' lang='lat'><strong>145—6.</strong></span> <span class='ocrx_word' id='word_1_48' title='bbox 973 590 1145 641; x_wconf 83' lang='lat' dir='ltr'>Ambr.</span> <span class='ocrx_word' id='word_1_49' title='bbox 1188 590 1419 639; x_wconf 68' lang='lat' dir='ltr'>hexaem.</span> <span class='ocrx_word' id='word_1_50' title='bbox 1454 604 1489 638; x_wconf 84' lang='lat' dir='ltr'><strong>v</strong></span> <span class='ocrx_word' id='word_1_51' title='bbox 1517 594 1543 650; x_wconf 90' lang='lat'>5</span> <span class='ocrx_word' id='word_1_52' title='bbox 1572 592 1636 639; x_wconf 86' lang='lat'>26</span> <span class='ocrx_word' id='word_1_53' title='bbox 1664 594 1743 639; x_wconf 75' lang='lat' dir='ltr'>lex</span> <span class='ocrx_word' id='word_1_54' title='bbox 1772 594 2015 652; x_wconf 75' lang='lat' dir='ltr'>qvmedam</span> <span class='ocrx_word' id='word_1_55' title='bbox 2044 600 2258 641; x_wconf 78' lang='lat' dir='ltr'>naturae</span> 
     </span>
     <span class='ocr_line' id='line_1_6' title="bbox 189 652 2259 715; baseline 0.003 -16"><span class='ocrx_word' id='word_1_56' title='bbox 189 660 259 699; x_wconf 81' lang='lat' dir='ltr'>est</span> <span class='ocrx_word' id='word_1_57' title='bbox 296 656 538 701; x_wconf 82' lang='lat' dir='ltr'>tantum</span> <span class='ocrx_word' id='word_1_58' title='bbox 575 666 893 713; x_wconf 80' lang='lat' dir='ltr'>quaerere,</span> <span class='ocrx_word' id='word_1_59' title='bbox 941 658 1235 715; x_wconf 87' lang='lat' dir='ltr'>quantum</span> <span class='ocrx_word' id='word_1_60' title='bbox 1278 652 1563 702; x_wconf 77' lang='lat' dir='ltr'><strong>sufficiat</strong></span> <span class='ocrx_word' id='word_1_61' title='bbox 1602 654 1675 701; x_wconf 83' lang='lat' dir='ltr'>ad</span> <span class='ocrx_word' id='word_1_62' title='bbox 1708 655 1941 703; x_wconf 80' lang='lat' dir='ltr'>victum</span> <span class='ocrx_word' id='word_1_63' title='bbox 1974 662 2022 705; x_wconf 82' lang='lat' dir='ltr'>et</span> <span class='ocrx_word' id='word_1_64' title='bbox 2054 658 2259 705; x_wconf 77' lang='lat' dir='ltr'>alimen-</span> 
     </span>
     <span class='ocr_line' id='line_1_7' title="bbox 190 717 2249 781; baseline 0.004 -17"><span class='ocrx_word' id='word_1_65' title='bbox 190 724 345 765; x_wconf 74' lang='lat' dir='ltr'>torum</span> <span class='ocrx_word' id='word_1_66' title='bbox 379 719 518 765; x_wconf 80' lang='lat' dir='ltr'>modo</span> <span class='ocrx_word' id='word_1_67' title='bbox 551 725 728 766; x_wconf 83' lang='lat' dir='ltr'>sortem</span> <span class='ocrx_word' id='word_1_68' title='bbox 763 734 954 767; x_wconf 81' lang='lat' dir='ltr'>censere</span> <span class='ocrx_word' id='word_1_69' title='bbox 981 720 1295 781; x_wconf 79' lang='lat' dir='ltr'><strong><em>patrimonii.</em></strong></span> <span class='ocrx_word' id='word_1_70' title='bbox 1359 717 1612 765; x_wconf 77' lang='lat' dir='ltr'>Wetstein</span> <span class='ocrx_word' id='word_1_71' title='bbox 1646 732 1714 765; x_wconf 88' lang='lat' dir='ltr'>on</span> <span class='ocrx_word' id='word_1_72' title='bbox 1752 719 1780 766; x_wconf 92' lang='lat'>1</span> <span class='ocrx_word' id='word_1_73' title='bbox 1816 718 1949 767; x_wconf 78' lang='lat' dir='ltr'>Tim.</span> <span class='ocrx_word' id='word_1_74' title='bbox 1982 720 2012 769; x_wconf 91' lang='lat'>6</span> <span class='ocrx_word' id='word_1_75' title='bbox 2045 722 2091 769; x_wconf 87' lang='lat'>8.</span> <span class='ocrx_word' id='word_1_76' title='bbox 2123 720 2249 772; x_wconf 87' lang='lat' dir='ltr'>Hor.</span> 
     </span>
     <span class='ocr_line' id='line_1_8' title="bbox 190 780 2257 845; baseline 0.003 -18"><span class='ocrx_word' id='word_1_77' title='bbox 190 795 226 828; x_wconf 79' lang='lat' dir='ltr'>e.</span> <span class='ocrx_word' id='word_1_78' title='bbox 253 795 274 828; x_wconf 93' lang='lat'>1</span> <span class='ocrx_word' id='word_1_79' title='bbox 306 783 332 827; x_wconf 88' lang='lat'>1</span> <span class='ocrx_word' id='word_1_80' title='bbox 361 782 533 833; x_wconf 81' lang='lat'><strong>73—4.</strong></span> <span class='ocrx_word' id='word_1_81' title='bbox 587 780 705 829; x_wconf 84' lang='lat' dir='ltr'>Sen.</span> <span class='ocrx_word' id='word_1_82' title='bbox 741 796 818 842; x_wconf 91' lang='lat' dir='ltr'>ep.</span> <span class='ocrx_word' id='word_1_83' title='bbox 846 785 878 830; x_wconf 87' lang='lat'>4</span> <span class='ocrx_word' id='word_1_84' title='bbox 907 787 933 843; x_wconf 91' lang='lat'>5</span> <span class='ocrx_word' id='word_1_85' title='bbox 960 786 992 832; x_wconf 87' lang='lat'>8</span> <span class='ocrx_word' id='word_1_86' title='bbox 1026 786 1106 831; x_wconf 72' lang='lat' dir='ltr'>lex</span> <span class='ocrx_word' id='word_1_87' title='bbox 1137 789 1302 830; x_wconf 82' lang='lat' dir='ltr'>autem</span> <span class='ocrx_word' id='word_1_88' title='bbox 1331 783 1429 830; x_wconf 77' lang='lat' dir='ltr'>illa</span> <span class='ocrx_word' id='word_1_89' title='bbox 1456 790 1684 841; x_wconf 79' lang='lat' dir='ltr'>naturae,</span> <span class='ocrx_word' id='word_1_90' title='bbox 1712 784 1810 831; x_wconf 82' lang='lat' dir='ltr'>scis</span> <span class='ocrx_word' id='word_1_91' title='bbox 1842 798 1961 845; x_wconf 82' lang='lat' dir='ltr'>quos</span> <span class='ocrx_word' id='word_1_92' title='bbox 1990 786 2130 831; x_wconf 79' lang='lat' dir='ltr'>uobis</span> <span class='ocrx_word' id='word_1_93' title='bbox 2162 792 2257 834; x_wconf 79' lang='lat' dir='ltr'>ter·</span> 
     </span>
     <span class='ocr_line' id='line_1_9' title="bbox 187 844 2253 907; baseline 0.002 -14"><span class='ocrx_word' id='word_1_94' title='bbox 187 847 340 893; x_wconf 75' lang='lat' dir='ltr'>minos</span> <span class='ocrx_word' id='word_1_95' title='bbox 373 847 588 893; x_wconf 73' lang='lat' dir='ltr'>statuit?</span> <span class='ocrx_word' id='word_1_96' title='bbox 621 860 744 893; x_wconf 89' lang='lat' dir='ltr'>non</span> <span class='ocrx_word' id='word_1_97' title='bbox 777 844 1035 904; x_wconf 79' lang='lat' dir='ltr'>esui-ire,</span> <span class='ocrx_word' id='word_1_98' title='bbox 1059 860 1183 893; x_wconf 89' lang='lat' dir='ltr'>non</span> <span class='ocrx_word' id='word_1_99' title='bbox 1217 845 1415 901; x_wconf 84' lang='lat' dir='ltr'>sitire,</span> <span class='ocrx_word' id='word_1_100' title='bbox 1439 859 1560 893; x_wconf 85' lang='lat' dir='ltr'>non</span> <span class='ocrx_word' id='word_1_101' title='bbox 1592 846 1799 907; x_wconf 80' lang='lat' dir='ltr'>algere</span> <span class='ocrx_word' id='word_1_102' title='bbox 1857 861 1997 895; x_wconf 87' lang='lat' dir='ltr'>more</span> <span class='ocrx_word' id='word_1_103' title='bbox 2030 847 2163 896; x_wconf 83' lang='lat' dir='ltr'>cited</span> <span class='ocrx_word' id='word_1_104' title='bbox 2184 863 2253 897; x_wconf 91' lang='lat' dir='ltr'>on</span> 
     </span>
     <span class='ocr_line' id='line_1_10' title="bbox 187 908 2255 974; baseline 0.003 -19"><span class='ocrx_word' id='word_1_105' title='bbox 187 922 220 955; x_wconf 84' lang='lat' dir='ltr'><strong>v</strong></span> <span class='ocrx_word' id='word_1_106' title='bbox 257 910 324 969; x_wconf 88' lang='lat'>9].</span> <span class='ocrx_word' id='word_1_107' title='bbox 377 924 478 957; x_wconf 75' lang='lat' dir='ltr'>mu</span> <span class='ocrx_word' id='word_1_108' title='bbox 511 916 581 957; x_wconf 76' lang='lat' dir='ltr'>est</span> <span class='ocrx_word' id='word_1_109' title='bbox 612 924 800 957; x_wconf 78' lang='lat' dir='ltr'>necesse</span> <span class='ocrx_word' id='word_1_110' title='bbox 842 911 1037 959; x_wconf 82' lang='lat' dir='ltr'>maria</span> <span class='ocrx_word' id='word_1_111' title='bbox 1075 913 1383 970; x_wconf 85' lang='lat' dir='ltr'>temptare</span> <span class='ocrx_word' id='word_1_112' title='bbox 1430 910 1551 971; x_wconf 84' lang='lat' dir='ltr'>[ver.</span> <span class='ocrx_word' id='word_1_113' title='bbox 1602 908 1875 971; x_wconf 81' lang='lat'>267—30]</span> <span class='ocrx_word' id='word_1_114' title='bbox 1920 925 2034 959; x_wconf 90' lang='lat' dir='ltr'>nec</span> <span class='ocrx_word' id='word_1_115' title='bbox 2078 914 2255 974; x_wconf 81' lang='lat' dir='ltr'>sequi</span> 
     </span>
     <span class='ocr_line' id='line_1_11' title="bbox 186 971 2252 1034; baseline 0.003 -15"><span class='ocrx_word' id='word_1_116' title='bbox 186 976 392 1020; x_wconf 79' lang='lat' dir='ltr'>castra</span> <span class='ocrx_word' id='word_1_117' title='bbox 442 974 562 1034; x_wconf 85' lang='lat' dir='ltr'>[ver.</span> <span class='ocrx_word' id='word_1_118' title='bbox 617 974 857 1034; x_wconf 82' lang='lat' dir='ltr'>193—8J:</span> <span class='ocrx_word' id='word_1_119' title='bbox 905 973 1180 1034; x_wconf 84' lang='lat' dir='ltr'>parabile</span> <span class='ocrx_word' id='word_1_120' title='bbox 1228 976 1325 1021; x_wconf 83' lang='lat' dir='ltr'>est</span> <span class='ocrx_word' id='word_1_121' title='bbox 1370 971 1526 1033; x_wconf 85' lang='lat' dir='ltr'>quod</span> <span class='ocrx_word' id='word_1_122' title='bbox 1566 975 1791 1022; x_wconf 85' lang='lat' dir='ltr'>natura</span> <span class='ocrx_word' id='word_1_123' title='bbox 1832 974 2149 1023; x_wconf 79' lang='lat' dir='ltr'>desiderat</span> <span class='ocrx_word' id='word_1_124' title='bbox 2194 980 2252 1025; x_wconf 90' lang='lat' dir='ltr'>et</span> 
     </span>
     <span class='ocr_line' id='line_1_12' title="bbox 187 1036 2253 1100; baseline 0.003 -17"><span class='ocrx_word' id='word_1_125' title='bbox 187 1036 554 1097; x_wconf 81' lang='lat' dir='ltr'>adpositum.</span> <span class='ocrx_word' id='word_1_126' title='bbox 621 1040 647 1097; x_wconf 98' lang='lat'>5</span> <span class='ocrx_word' id='word_1_127' title='bbox 681 1038 740 1083; x_wconf 93' lang='lat'>11</span> <span class='ocrx_word' id='word_1_128' title='bbox 771 1038 845 1085; x_wconf 81' lang='lat' dir='ltr'>ad</span> <span class='ocrx_word' id='word_1_129' title='bbox 877 1052 1261 1099; x_wconf 80' lang='lat' dir='ltr'>supervacua</span> <span class='ocrx_word' id='word_1_130' title='bbox 1294 1038 1565 1086; x_wconf 84' lang='lat' dir='ltr'>sudatur.</span> <span class='ocrx_word' id='word_1_131' title='bbox 1636 1040 1733 1085; x_wconf 81' lang='lat' dir='ltr'>illa</span> <span class='ocrx_word' id='word_1_132' title='bbox 1763 1045 1895 1095; x_wconf 82' lang='lat' dir='ltr'>sunt,</span> <span class='ocrx_word' id='word_1_133' title='bbox 1930 1054 2059 1100; x_wconf 79' lang='lat' dir='ltr'>quae</span> <span class='ocrx_word' id='word_1_134' title='bbox 2093 1047 2253 1100; x_wconf 73' lang='lat' dir='ltr'>toyam</span> 
     </span>
     <span class='ocr_line' id='line_1_13' title="bbox 186 1103 2253 1162; baseline 0.002 -15"><span class='ocrx_word' id='word_1_135' title='bbox 186 1107 454 1161; x_wconf 79' lang='lat' dir='ltr'>conterunt,</span> <span class='ocrx_word' id='word_1_136' title='bbox 492 1116 617 1162; x_wconf 79' lang='lat' dir='ltr'>quae</span> <span class='ocrx_word' id='word_1_137' title='bbox 649 1116 736 1149; x_wconf 80' lang='lat' dir='ltr'>nos</span> <span class='ocrx_word' id='word_1_138' title='bbox 768 1116 1011 1151; x_wconf 74' lang='lat' dir='ltr'>senescere</span> <span class='ocrx_word' id='word_1_139' title='bbox 1043 1104 1132 1149; x_wconf 83' lang='lat' dir='ltr'>sub</span> <span class='ocrx_word' id='word_1_140' title='bbox 1167 1104 1377 1149; x_wconf 77' lang='lat' dir='ltr'>tentorio</span> <span class='ocrx_word' id='word_1_141' title='bbox 1410 1108 1601 1161; x_wconf 70' lang='lat' dir='ltr'>coyunt,</span> <span class='ocrx_word' id='word_1_142' title='bbox 1640 1116 1766 1162; x_wconf 76' lang='lat' dir='ltr'>quae</span> <span class='ocrx_word' id='word_1_143' title='bbox 1805 1104 1863 1150; x_wconf 80' lang='lat' dir='ltr'>in</span> <span class='ocrx_word' id='word_1_144' title='bbox 1895 1103 2068 1151; x_wconf 79' lang='lat' dir='ltr'>aliena</span> <span class='ocrx_word' id='word_1_145' title='bbox 2102 1104 2253 1153; x_wconf 82' lang='lat' dir='ltr'>litora</span> 
     </span>
     <span class='ocr_line' id='line_1_14' title="bbox 186 1164 2251 1229; baseline 0.002 -17"><span class='ocrx_word' id='word_1_146' title='bbox 186 1167 452 1226; x_wconf 77' lang='lat' dir='ltr'>inpiuyunt</span> <span class='ocrx_word' id='word_1_147' title='bbox 467 1184 482 1213; x_wconf 86' lang='lat'>.·</span> <span class='ocrx_word' id='word_1_148' title='bbox 515 1167 584 1212; x_wconf 85' lang='lat' dir='ltr'>ad</span> <span class='ocrx_word' id='word_1_149' title='bbox 603 1180 803 1213; x_wconf 83' lang='lat' dir='ltr'>manum</span> <span class='ocrx_word' id='word_1_150' title='bbox 825 1173 912 1221; x_wconf 80' lang='lat' dir='ltr'>est,</span> <span class='ocrx_word' id='word_1_151' title='bbox 937 1168 1066 1228; x_wconf 80' lang='lat' dir='ltr'>quod</span> <span class='ocrx_word' id='word_1_152' title='bbox 1097 1172 1178 1213; x_wconf 82' lang='lat' dir='ltr'>sat</span> <span class='ocrx_word' id='word_1_153' title='bbox 1199 1172 1286 1213; x_wconf 84' lang='lat' dir='ltr'>est.</span> <span class='ocrx_word' id='word_1_154' title='bbox 1352 1164 1423 1213; x_wconf 85' lang='lat' dir='ltr'>ib.</span> <span class='ocrx_word' id='word_1_155' title='bbox 1447 1166 1509 1211; x_wconf 84' lang='lat'>27</span> <span class='ocrx_word' id='word_1_156' title='bbox 1532 1168 1557 1225; x_wconf 92' lang='lat'>5</span> <span class='ocrx_word' id='word_1_157' title='bbox 1579 1167 1608 1215; x_wconf 89' lang='grc'>9</span> <span class='ocrx_word' id='word_1_158' title='bbox 1642 1168 1809 1228; x_wconf 76' lang='lat' dir='ltr'>accipe</span> <span class='ocrx_word' id='word_1_159' title='bbox 1831 1168 1935 1215; x_wconf 81' lang='lat' dir='ltr'>iam</span> <span class='ocrx_word' id='word_1_160' title='bbox 1956 1169 2087 1229; x_wconf 80' lang='lat' dir='ltr'>quod</span> <span class='ocrx_word' id='word_1_161' title='bbox 2108 1168 2251 1217; x_wconf 82' lang='lat' dir='ltr'>debeo</span> 
     </span>
     <span class='ocr_line' id='line_1_15' title="bbox 187 1230 2251 1294; baseline 0.003 -19"><span class='ocrx_word' id='word_1_162' title='bbox 187 1235 233 1275; x_wconf 84' lang='lat' dir='ltr'>et</span> <span class='ocrx_word' id='word_1_163' title='bbox 254 1232 366 1277; x_wconf 85' lang='lat' dir='ltr'>vale</span> <span class='ocrx_word' id='word_1_164' title='bbox 388 1247 404 1277; x_wconf 89' lang='lat'>:</span> <span class='ocrx_word' id='word_1_165' title='bbox 441 1234 453 1255; x_wconf 94' lang='lat'>‘</span> <span class='ocrx_word' id='word_1_166' title='bbox 471 1230 682 1277; x_wconf 76' lang='lat' dir='ltr'>divitt&#39;ae</span> <span class='ocrx_word' id='word_1_167' title='bbox 704 1236 821 1277; x_wconf 81' lang='lat' dir='ltr'>sunt</span> <span class='ocrx_word' id='word_1_168' title='bbox 853 1231 922 1278; x_wconf 79' lang='lat' dir='ltr'>ad</span> <span class='ocrx_word' id='word_1_169' title='bbox 947 1233 1096 1291; x_wconf 64' lang='lat' dir='ltr'>legem</span> <span class='ocrx_word' id='word_1_170' title='bbox 1124 1237 1334 1277; x_wconf 82' lang='lat' dir='ltr'>naturae</span> <span class='ocrx_word' id='word_1_171' title='bbox 1356 1232 1609 1289; x_wconf 77' lang='lat' dir='ltr'>conposita</span> <span class='ocrx_word' id='word_1_172' title='bbox 1634 1230 1939 1292; x_wconf 58' lang='lat' dir='ltr'>paupertas?</span> <span class='ocrx_word' id='word_1_173' title='bbox 1999 1232 2089 1281; x_wconf 82' lang='lat' dir='ltr'>hoc</span> <span class='ocrx_word' id='word_1_174' title='bbox 2108 1247 2251 1294; x_wconf 79' lang='lat' dir='ltr'>saepe</span> 
     </span>
     <span class='ocr_line' id='line_1_16' title="bbox 187 1292 2254 1359; baseline 0.003 -20"><span class='ocrx_word' id='word_1_175' title='bbox 187 1294 320 1339; x_wconf 76' lang='lat' dir='ltr'>dixit</span> <span class='ocrx_word' id='word_1_176' title='bbox 352 1292 658 1353; x_wconf 78' lang='lat' dir='ltr'>Epicurus</span> <span class='ocrx_word' id='word_1_177' title='bbox 692 1295 844 1341; x_wconf 81' lang='lat' dir='ltr'>aliter</span> <span class='ocrx_word' id='word_1_178' title='bbox 875 1302 1022 1355; x_wconf 78' lang='lat' dir='ltr'>atque</span> <span class='ocrx_word' id='word_1_179' title='bbox 1059 1296 1225 1341; x_wconf 83' lang='lat' dir='ltr'>aliter.</span> <span class='ocrx_word' id='word_1_180' title='bbox 1291 1292 1360 1341; x_wconf 93' lang='lat' dir='ltr'>ib.</span> <span class='ocrx_word' id='word_1_181' title='bbox 1401 1294 1492 1342; x_wconf 89' lang='grc'>119</span> <span class='ocrx_word' id='word_1_182' title='bbox 1526 1297 1552 1354; x_wconf 84' lang='lat'>5</span> <span class='ocrx_word' id='word_1_183' title='bbox 1588 1296 1617 1344; x_wconf 84' lang='lat'><strong>7</strong></span> <span class='ocrx_word' id='word_1_184' title='bbox 1654 1299 1733 1342; x_wconf 82' lang='lat' dir='ltr'>‘at</span> <span class='ocrx_word' id='word_1_185' title='bbox 1758 1309 1941 1356; x_wconf 78' lang='lat' dir='ltr'>parum</span> <span class='ocrx_word' id='word_1_186' title='bbox 1975 1296 2135 1353; x_wconf 82' lang='lat' dir='ltr'>habet,</span> <span class='ocrx_word' id='word_1_187' title='bbox 2167 1297 2254 1359; x_wconf 79' lang='lat' dir='ltr'>qui</span> 
     </span>
     <span class='ocr_line' id='line_1_17' title="bbox 188 1356 2249 1421; baseline 0.002 -18"><span class='ocrx_word' id='word_1_188' title='bbox 188 1363 382 1404; x_wconf 72' lang='lat' dir='ltr'>tant-am</span> <span class='ocrx_word' id='word_1_189' title='bbox 409 1372 509 1404; x_wconf 81' lang='lat' dir='ltr'>nou</span> <span class='ocrx_word' id='word_1_190' title='bbox 537 1357 716 1415; x_wconf 81' lang='lat' dir='ltr'>alget,</span> <span class='ocrx_word' id='word_1_191' title='bbox 752 1371 873 1405; x_wconf 90' lang='lat' dir='ltr'>non</span> <span class='ocrx_word' id='word_1_192' title='bbox 906 1358 1114 1417; x_wconf 85' lang='lat' dir='ltr'>esurit,</span> <span class='ocrx_word' id='word_1_193' title='bbox 1141 1371 1262 1405; x_wconf 88' lang='lat' dir='ltr'>non</span> <span class='ocrx_word' id='word_1_194' title='bbox 1301 1356 1477 1406; x_wconf 58' lang='lat' dir='ltr'>sitit)</span> <span class='ocrx_word' id='word_1_195' title='bbox 1534 1361 1653 1419; x_wconf 80' lang='lat' dir='ltr'>plus</span> <span class='ocrx_word' id='word_1_196' title='bbox 1686 1359 1918 1421; x_wconf 75' lang='lat' dir='ltr'>Iuppiter</span> <span class='ocrx_word' id='word_1_197' title='bbox 1951 1374 2052 1408; x_wconf 77' lang='lat' dir='ltr'>uon</span> <span class='ocrx_word' id='word_1_198' title='bbox 2088 1362 2249 1410; x_wconf 82' lang='lat' dir='ltr'>habet.</span> 
     </span>
     <span class='ocr_line' id='line_1_18' title="bbox 184 1420 2252 1484; baseline 0.003 -17"><span class='ocrx_word' id='word_1_199' title='bbox 184 1420 252 1468; x_wconf 91' lang='lat' dir='ltr'>id.</span> <span class='ocrx_word' id='word_1_200' title='bbox 285 1420 352 1467; x_wconf 78' lang='lat' dir='ltr'>ad</span> <span class='ocrx_word' id='word_1_201' title='bbox 379 1420 528 1469; x_wconf 86' lang='lat' dir='ltr'>Helv.</span> <span class='ocrx_word' id='word_1_202' title='bbox 562 1421 624 1468; x_wconf 91' lang='grc'>10</span> <span class='ocrx_word' id='word_1_203' title='bbox 652 1424 678 1481; x_wconf 91' lang='lat'>5</span> <span class='ocrx_word' id='word_1_204' title='bbox 711 1422 740 1467; x_wconf 85' lang='lat'>2</span> <span class='ocrx_word' id='word_1_205' title='bbox 764 1424 980 1483; x_wconf 69' lang='lat' dir='ltr'>corporis</span> <span class='ocrx_word' id='word_1_206' title='bbox 1011 1424 1194 1481; x_wconf 75' lang='lat' dir='ltr'>exiyua</span> <span class='ocrx_word' id='word_1_207' title='bbox 1228 1422 1476 1469; x_wconf 78' lang='lat' dir='ltr'>desideria</span> <span class='ocrx_word' id='word_1_208' title='bbox 1504 1430 1652 1472; x_wconf 79' lang='lat' dir='ltr'>suut:</span> <span class='ocrx_word' id='word_1_209' title='bbox 1682 1422 1881 1484; x_wconf 77' lang='lat' dir='ltr'>frigus</span> <span class='ocrx_word' id='word_1_210' title='bbox 1908 1423 2252 1473; x_wconf 80' lang='lat' dir='ltr'>submoveri</span> 
     </span>
     <span class='ocr_line' id='line_1_19' title="bbox 185 1484 2251 1550; baseline 0.002 -18"><span class='ocrx_word' id='word_1_211' title='bbox 185 1485 338 1541; x_wconf 83' lang='lat' dir='ltr'>vult,</span> <span class='ocrx_word' id='word_1_212' title='bbox 389 1485 708 1533; x_wconf 80' lang='lat' dir='ltr'>alimentis</span> <span class='ocrx_word' id='word_1_213' title='bbox 753 1486 980 1533; x_wconf 75' lang='lat' dir='ltr'>samem</span> <span class='ocrx_word' id='word_1_214' title='bbox 1014 1500 1081 1534; x_wconf 86' lang='lat' dir='ltr'>ac</span> <span class='ocrx_word' id='word_1_215' title='bbox 1129 1484 1298 1533; x_wconf 81' lang='lat' dir='ltr'>sitim</span> <span class='ocrx_word' id='word_1_216' title='bbox 1342 1484 1774 1547; x_wconf 81' lang='lat' dir='ltr'>exstinguere:</span> <span class='ocrx_word' id='word_1_217' title='bbox 1820 1489 2065 1550; x_wconf 76' lang='lat' dir='ltr'>quidquid</span> <span class='ocrx_word' id='word_1_218' title='bbox 2106 1496 2251 1537; x_wconf 75' lang='lat' dir='ltr'>extra</span> 
     </span>
     <span class='ocr_line' id='line_1_20' title="bbox 185 1549 2251 1614; baseline 0.002 -19"><span class='ocrx_word' id='word_1_219' title='bbox 185 1550 564 1610; x_wconf 74' lang='lat' dir='ltr'>concupiscitur,</span> <span class='ocrx_word' id='word_1_220' title='bbox 586 1550 745 1605; x_wconf 81' lang='lat' dir='ltr'>vitiis,</span> <span class='ocrx_word' id='word_1_221' title='bbox 769 1564 868 1597; x_wconf 79' lang='lat' dir='ltr'>nou</span> <span class='ocrx_word' id='word_1_222' title='bbox 888 1552 1058 1597; x_wconf 77' lang='lat' dir='ltr'>usibus</span> <span class='ocrx_word' id='word_1_223' title='bbox 1091 1552 1358 1598; x_wconf 75' lang='lat' dir='ltr'>laboratur.</span> <span class='ocrx_word' id='word_1_224' title='bbox 1428 1549 1576 1598; x_wconf 89' lang='lat' dir='ltr'>Philo</span> <span class='ocrx_word' id='word_1_225' title='bbox 1598 1551 1732 1611; x_wconf 85' lang='lat' dir='ltr'>quod</span> <span class='ocrx_word' id='word_1_226' title='bbox 1753 1566 1893 1599; x_wconf 89' lang='lat' dir='ltr'>omn.</span> <span class='ocrx_word' id='word_1_227' title='bbox 1916 1553 2103 1614; x_wconf 83' lang='lat' dir='ltr'>probus</span> <span class='ocrx_word' id='word_1_228' title='bbox 2124 1552 2251 1601; x_wconf 90' lang='lat' dir='ltr'>liber</span> 
     </span>
     <span class='ocr_line' id='line_1_21' title="bbox 185 1612 2251 1680; baseline 0.003 -21"><span class='ocrx_word' id='word_1_229' title='bbox 185 1614 246 1659; x_wconf 87' lang='grc'>12</span> <span class='ocrx_word' id='word_1_230' title='bbox 283 1612 346 1677; x_wconf 88' lang='lat'>(11</span> <span class='ocrx_word' id='word_1_231' title='bbox 378 1614 472 1663; x_wconf 84' lang='lat'>457</span> <span class='ocrx_word' id='word_1_232' title='bbox 506 1612 577 1675; x_wconf 89' lang='grc' dir='ltr'>Μ)</span> <span class='ocrx_word' id='word_1_233' title='bbox 609 1613 851 1674; x_wconf 83' lang='lat' dir='ltr'>frugality</span> <span class='ocrx_word' id='word_1_234' title='bbox 879 1614 934 1661; x_wconf 85' lang='lat' dir='ltr'>of</span> <span class='ocrx_word' id='word_1_235' title='bbox 963 1614 1052 1661; x_wconf 84' lang='lat' dir='ltr'>the</span> <span class='ocrx_word' id='word_1_236' title='bbox 1085 1613 1447 1673; x_wconf 80' lang='lat' dir='ltr'>Therapeutae.</span> <span class='ocrx_word' id='word_1_237' title='bbox 1518 1613 1580 1663; x_wconf 89' lang='lat' dir='ltr'>de</span> <span class='ocrx_word' id='word_1_238' title='bbox 1610 1614 1851 1663; x_wconf 86' lang='lat' dir='ltr'>ebrietate</span> <span class='ocrx_word' id='word_1_239' title='bbox 1874 1617 1904 1666; x_wconf 89' lang='grc'>9</span> <span class='ocrx_word' id='word_1_240' title='bbox 1932 1616 1971 1678; x_wconf 93' lang='lat'>(1</span> <span class='ocrx_word' id='word_1_241' title='bbox 1992 1615 2122 1680; x_wconf 83' lang='lat'><strong>362).</strong></span> <span class='ocrx_word' id='word_1_242' title='bbox 2188 1616 2251 1665; x_wconf 85' lang='lat' dir='ltr'>de</span> 
     </span>
     <span class='ocr_line' id='line_1_22' title="bbox 187 1677 2251 1741; baseline 0.003 -18"><span class='ocrx_word' id='word_1_243' title='bbox 187 1691 351 1725; x_wconf 84' lang='lat' dir='ltr'>somn.</span> <span class='ocrx_word' id='word_1_244' title='bbox 387 1691 408 1723; x_wconf 96' lang='lat'>1</span> <span class='ocrx_word' id='word_1_245' title='bbox 442 1678 504 1724; x_wconf 91' lang='grc'>20</span> <span class='ocrx_word' id='word_1_246' title='bbox 539 1680 578 1737; x_wconf 89' lang='lat'>(1</span> <span class='ocrx_word' id='word_1_247' title='bbox 613 1678 744 1737; x_wconf 85' lang='lat'><strong>639).</strong></span> <span class='ocrx_word' id='word_1_248' title='bbox 810 1691 854 1724; x_wconf 93' lang='lat'>11</span> <span class='ocrx_word' id='word_1_249' title='bbox 878 1681 906 1729; x_wconf 83' lang='lat'>7</span> <span class='ocrx_word' id='word_1_250' title='bbox 932 1678 1080 1738; x_wconf 89' lang='grc'><strong>(665).</strong></span> <span class='ocrx_word' id='word_1_251' title='bbox 1151 1677 1259 1725; x_wconf 84' lang='lat' dir='ltr'>vita</span> <span class='ocrx_word' id='word_1_252' title='bbox 1288 1677 1450 1739; x_wconf 74' lang='lat' dir='ltr'><strong>MoyS.</strong></span> <span class='ocrx_word' id='word_1_253' title='bbox 1478 1692 1544 1725; x_wconf 91' lang='lat'>111</span> <span class='ocrx_word' id='word_1_254' title='bbox 1566 1680 1628 1726; x_wconf 88' lang='lat'>22</span> <span class='ocrx_word' id='word_1_255' title='bbox 1652 1681 1716 1741; x_wconf 92' lang='lat'>(11</span> <span class='ocrx_word' id='word_1_256' title='bbox 1739 1680 1869 1741; x_wconf 87' lang='lat'>163).</span> <span class='ocrx_word' id='word_1_257' title='bbox 1936 1680 1998 1729; x_wconf 84' lang='lat' dir='ltr'>de</span> <span class='ocrx_word' id='word_1_258' title='bbox 2029 1680 2251 1729; x_wconf 75' lang='lat' dir='ltr'>victimis</span> 
     </span>
     <span class='ocr_line' id='line_1_23' title="bbox 185 1741 2242 1807; baseline 0.003 -19"><span class='ocrx_word' id='word_1_259' title='bbox 185 1743 214 1788; x_wconf 87' lang='lat'><strong>3</strong></span> <span class='ocrx_word' id='word_1_260' title='bbox 250 1744 312 1802; x_wconf 91' lang='lat'>(11</span> <span class='ocrx_word' id='word_1_261' title='bbox 346 1742 478 1801; x_wconf 84' lang='lat'><strong>239).</strong></span> <span class='ocrx_word' id='word_1_262' title='bbox 537 1755 670 1801; x_wconf 78' lang='lat' dir='ltr'>spec.</span> <span class='ocrx_word' id='word_1_263' title='bbox 704 1742 832 1801; x_wconf 84' lang='lat' dir='ltr'>legg.</span> <span class='ocrx_word' id='word_1_264' title='bbox 867 1742 896 1789; x_wconf 89' lang='lat'>5</span> <span class='ocrx_word' id='word_1_265' title='bbox 934 1744 994 1802; x_wconf 90' lang='lat'>(11</span> <span class='ocrx_word' id='word_1_266' title='bbox 1027 1742 1255 1802; x_wconf 82' lang='lat'><strong>273-4).</strong></span> <span class='ocrx_word' id='word_1_267' title='bbox 1328 1741 1391 1790; x_wconf 88' lang='lat' dir='ltr'>de</span> <span class='ocrx_word' id='word_1_268' title='bbox 1423 1742 1639 1802; x_wconf 84' lang='lat' dir='ltr'>plantat.</span> <span class='ocrx_word' id='word_1_269' title='bbox 1681 1744 1740 1791; x_wconf 90' lang='grc'>12</span> <span class='ocrx_word' id='word_1_270' title='bbox 1776 1745 1818 1805; x_wconf 91' lang='lat'>(1</span> <span class='ocrx_word' id='word_1_271' title='bbox 1851 1745 1980 1805; x_wconf 87' lang='grc'><strong>337).</strong></span> <span class='ocrx_word' id='word_1_272' title='bbox 2067 1745 2242 1807; x_wconf 77' lang='lat' dir='ltr'>Chrys.</span> 
     </span>
     <span class='ocr_line' id='line_1_24' title="bbox 181 1804 2152 1873; baseline 0.003 -21"><span class='ocrx_word' id='word_1_273' title='bbox 181 1804 321 1856; x_wconf 86' lang='lat' dir='ltr'>hom.</span> <span class='ocrx_word' id='word_1_274' title='bbox 355 1806 414 1854; x_wconf 83' lang='lat'>19</span> <span class='ocrx_word' id='word_1_275' title='bbox 438 1804 502 1853; x_wconf 78' lang='lat' dir='ltr'>ad</span> <span class='ocrx_word' id='word_1_276' title='bbox 521 1820 636 1865; x_wconf 82' lang='lat' dir='ltr'>pOP.</span> <span class='ocrx_word' id='word_1_277' title='bbox 665 1804 902 1854; x_wconf 78' lang='lat' dir='ltr'>Antioch.</span> <span class='ocrx_word' id='word_1_278' title='bbox 929 1807 955 1851; x_wconf 88' lang='lat'>1</span> <span class='ocrx_word' id='word_1_279' title='bbox 978 1804 1065 1856; x_wconf 88' lang='lat' dir='ltr'>fin.</span> <span class='ocrx_word' id='word_1_280' title='bbox 1093 1821 1146 1867; x_wconf 82' lang='grc' dir='ltr'>Ρ.</span> <span class='ocrx_word' id='word_1_281' title='bbox 1171 1806 1284 1856; x_wconf 84' lang='lat'><strong>190⁴·</strong></span> <span class='ocrx_word' id='word_1_282' title='bbox 1304 1810 1529 1854; x_wconf 81' lang='grc' dir='ltr'>τοσοῦτον</span> <span class='ocrx_word' id='word_1_283' title='bbox 1548 1808 1798 1864; x_wconf 78' lang='grc' dir='ltr'>ἐσθίουσιν,</span> <span class='ocrx_word' id='word_1_284' title='bbox 1822 1811 1933 1866; x_wconf 62' lang='grc' dir='ltr'>ὅσον</span> <span class='ocrx_word' id='word_1_285' title='bbox 1956 1810 2152 1873; x_wconf 62' lang='grc' dir='ltr'>ἀποζῆν.</span> 
     </span>
     <span class='ocr_line' id='line_1_25' title="bbox 819 1870 2249 1932; baseline 0.001 -14"><span class='ocrx_word' id='word_1_286' title='bbox 819 1870 925 1927; x_wconf 86' lang='grc'>319</span> <span class='ocrx_word' id='word_1_287' title='bbox 962 1884 1220 1925; x_wconf 55' lang='lat' dir='ltr'>Quarum,</span> <span class='ocrx_word' id='word_1_288' title='bbox 1251 1883 1493 1927; x_wconf 67' lang='lat' dir='ltr'>Emonam,</span> <span class='ocrx_word' id='word_1_289' title='bbox 1516 1884 1625 1917; x_wconf 71' lang='lat'><em>11131</em></span> <span class='ocrx_word' id='word_1_290' title='bbox 1642 1883 1885 1919; x_wconf 68' lang='lat' dir='ltr'>surmont</span> <span class='ocrx_word' id='word_1_291' title='bbox 1917 1872 2171 1932; x_wconf 77' lang='lat' dir='ltr'>Epicurus</span> <span class='ocrx_word' id='word_1_292' title='bbox 2192 1872 2249 1920; x_wconf 86' lang='lat' dir='ltr'>in</span> 
     </span>
     <span class='ocr_line' id='line_1_26' title="bbox 187 1932 2249 1998; baseline 0.001 -16"><span class='ocrx_word' id='word_1_293' title='bbox 187 1932 323 1984; x_wconf 83' lang='lat' dir='ltr'>Stob.</span> <span class='ocrx_word' id='word_1_294' title='bbox 345 1932 396 1983; x_wconf 87' lang='lat' dir='ltr'>fl.</span> <span class='ocrx_word' id='word_1_295' title='bbox 440 1947 548 1981; x_wconf 81' lang='lat' dir='ltr'>xvn</span> <span class='ocrx_word' id='word_1_296' title='bbox 582 1935 644 1980; x_wconf 86' lang='lat'>23</span> <span class='ocrx_word' id='word_1_297' title='bbox 687 1933 763 1983; x_wconf 85' lang='lat'>24.</span> <span class='ocrx_word' id='word_1_298' title='bbox 809 1935 872 1981; x_wconf 82' lang='lat'>34</span> <span class='ocrx_word' id='word_1_299' title='bbox 912 1936 1101 1998; x_wconf 72' lang='grc' dir='ltr'>βρυάζω</span> <span class='ocrx_word' id='word_1_300' title='bbox 1142 1936 1215 1994; x_wconf 80' lang='grc' dir='ltr'>τῷ</span> <span class='ocrx_word' id='word_1_301' title='bbox 1251 1937 1375 1983; x_wconf 82' lang='grc' dir='ltr'>κατὰ</span> <span class='ocrx_word' id='word_1_302' title='bbox 1416 1936 1472 1983; x_wconf 82' lang='grc' dir='ltr'>τὸ</span> <span class='ocrx_word' id='word_1_303' title='bbox 1516 1938 1752 1994; x_wconf 81' lang='grc' dir='ltr'>σωμάτιον</span> <span class='ocrx_word' id='word_1_304' title='bbox 1796 1936 1909 1996; x_wconf 81' lang='grc' dir='ltr'>ἡδεῖ,</span> <span class='ocrx_word' id='word_1_305' title='bbox 1961 1934 2123 1985; x_wconf 80' lang='grc' dir='ltr'>ὕδατι</span> <span class='ocrx_word' id='word_1_306' title='bbox 2156 1939 2249 1985; x_wconf 75' lang='grc' dir='ltr'>καὶ</span> 
     </span>
     <span class='ocr_line' id='line_1_27' title="bbox 175 2000 2247 2060; baseline 0.001 -15"><span class='ocrx_word' id='word_1_307' title='bbox 175 2001 336 2059; x_wconf 29' lang='grc' dir='ltr'>ψάρτῳ</span> <span class='ocrx_word' id='word_1_308' title='bbox 375 2000 691 2059; x_wconf 86' lang='grc' dir='ltr'>χρώμενος,</span> <span class='ocrx_word' id='word_1_309' title='bbox 727 2000 803 2046; x_wconf 82' lang='grc' dir='ltr'>καὶ</span> <span class='ocrx_word' id='word_1_310' title='bbox 836 2000 1096 2060; x_wconf 79' lang='grc' dir='ltr'>προσπτύω</span> <span class='ocrx_word' id='word_1_311' title='bbox 1126 2002 1230 2049; x_wconf 85' lang='grc' dir='ltr'>ταῖς</span> <span class='ocrx_word' id='word_1_312' title='bbox 1262 2001 1318 2047; x_wconf 75' lang='grc' dir='ltr'>ἐκ</span> <span class='ocrx_word' id='word_1_313' title='bbox 1348 2000 1657 2047; x_wconf 76' lang='grc' dir='ltr'>πολυτελείας</span> <span class='ocrx_word' id='word_1_314' title='bbox 1688 2000 1884 2055; x_wconf 79' lang='grc' dir='ltr'>ἡδοναῖς.</span> <span class='ocrx_word' id='word_1_315' title='bbox 1922 2001 2003 2050; x_wconf 84' lang='grc'>37.</span> <span class='ocrx_word' id='word_1_316' title='bbox 2068 2000 2174 2048; x_wconf 87' lang='lat' dir='ltr'>DL.</span> <span class='ocrx_word' id='word_1_317' title='bbox 2214 2014 2247 2048; x_wconf 83' lang='lat' dir='ltr'>x</span> 
     </span>
     <span class='ocr_line' id='line_1_28' title="bbox 186 2064 2244 2125; baseline 0 -16"><span class='ocrx_word' id='word_1_318' title='bbox 186 2066 210 2121; x_wconf 77' lang='lat'>5</span> <span class='ocrx_word' id='word_1_319' title='bbox 250 2064 346 2111; x_wconf 88' lang='grc'>130</span> <span class='ocrx_word' id='word_1_320' title='bbox 387 2064 432 2109; x_wconf 79' lang='grc' dir='ltr'>οἵ</span> <span class='ocrx_word' id='word_1_321' title='bbox 463 2080 516 2109; x_wconf 92' lang='grc' dir='ltr'>τε</span> <span class='ocrx_word' id='word_1_322' title='bbox 559 2065 681 2109; x_wconf 81' lang='grc' dir='ltr'>λιτοὶ</span> <span class='ocrx_word' id='word_1_323' title='bbox 725 2066 866 2123; x_wconf 81' lang='grc' dir='ltr'>χυλοὶ</span> <span class='ocrx_word' id='word_1_324' title='bbox 911 2066 1018 2119; x_wconf 80' lang='grc' dir='ltr'>ἴσην</span> <span class='ocrx_word' id='word_1_325' title='bbox 1059 2066 1316 2112; x_wconf 83' lang='grc' dir='ltr'>πολυτελεῖ</span> <span class='ocrx_word' id='word_1_326' title='bbox 1351 2065 1508 2123; x_wconf 82' lang='grc' dir='ltr'>διαίτῃ</span> <span class='ocrx_word' id='word_1_327' title='bbox 1550 2066 1637 2121; x_wconf 86' lang='grc' dir='ltr'>τὴν</span> <span class='ocrx_word' id='word_1_328' title='bbox 1672 2064 1841 2121; x_wconf 80' lang='grc' dir='ltr'>ἡδονὴν</span> <span class='ocrx_word' id='word_1_329' title='bbox 1882 2065 2244 2125; x_wconf 83' lang='grc' dir='ltr'>προσφέρουσιν,</span> 
     </span>
     <span class='ocr_line' id='line_1_29' title="bbox 186 2124 2248 2190; baseline 0.001 -16"><span class='ocrx_word' id='word_1_330' title='bbox 186 2130 298 2175; x_wconf 86' lang='grc' dir='ltr'>ὅταν</span> <span class='ocrx_word' id='word_1_331' title='bbox 341 2127 470 2173; x_wconf 79' lang='grc' dir='ltr'>ἅπαν</span> <span class='ocrx_word' id='word_1_332' title='bbox 512 2129 567 2175; x_wconf 85' lang='grc' dir='ltr'>τὸ</span> <span class='ocrx_word' id='word_1_333' title='bbox 613 2129 790 2187; x_wconf 83' lang='grc' dir='ltr'>ἀλγοῦν</span> <span class='ocrx_word' id='word_1_334' title='bbox 824 2128 929 2175; x_wconf 81' lang='grc' dir='ltr'>κατ’</span> <span class='ocrx_word' id='word_1_335' title='bbox 968 2128 1146 2175; x_wconf 80' lang='grc' dir='ltr'>ἔνδειαν</span> <span class='ocrx_word' id='word_1_336' title='bbox 1181 2124 1411 2189; x_wconf 74' lang='grc' dir='ltr'>ἐξαιρεθῇ.</span> <span class='ocrx_word' id='word_1_337' title='bbox 1480 2129 1507 2185; x_wconf 73' lang='lat'>5</span> <span class='ocrx_word' id='word_1_338' title='bbox 1537 2126 1628 2174; x_wconf 89' lang='grc'>131</span> <span class='ocrx_word' id='word_1_339' title='bbox 1658 2129 1735 2174; x_wconf 77' lang='grc' dir='ltr'>καὶ</span> <span class='ocrx_word' id='word_1_340' title='bbox 1772 2128 1850 2187; x_wconf 91' lang='grc' dir='ltr'>μά</span> <span class='ocrx_word' id='word_1_341' title='bbox 1861 2130 1926 2186; x_wconf 69' lang='grc' dir='ltr'>ζα</span> <span class='ocrx_word' id='word_1_342' title='bbox 1968 2131 2062 2177; x_wconf 80' lang='grc' dir='ltr'>καὶ</span> <span class='ocrx_word' id='word_1_343' title='bbox 2104 2128 2248 2190; x_wconf 82' lang='grc' dir='ltr'>ὕδωρ</span> 
     </span>
     <span class='ocr_line' id='line_1_30' title="bbox 185 2190 2247 2253; baseline 0.002 -16"><span class='ocrx_word' id='word_1_344' title='bbox 185 2196 271 2251; x_wconf 83' lang='grc' dir='ltr'>τὴν</span> <span class='ocrx_word' id='word_1_345' title='bbox 311 2192 576 2253; x_wconf 80' lang='grc' dir='ltr'>ἀκροτάτην</span> <span class='ocrx_word' id='word_1_346' title='bbox 621 2192 903 2238; x_wconf 84' lang='grc' dir='ltr'>ἀποδίδωσιν</span> <span class='ocrx_word' id='word_1_347' title='bbox 945 2190 1128 2250; x_wconf 83' lang='grc' dir='ltr'>ἡδονήν,</span> <span class='ocrx_word' id='word_1_348' title='bbox 1166 2193 1354 2239; x_wconf 77' lang='grc' dir='ltr'>ἐπειδὰν</span> <span class='ocrx_word' id='word_1_349' title='bbox 1388 2192 1553 2238; x_wconf 85' lang='grc' dir='ltr'>ένδέων</span> <span class='ocrx_word' id='word_1_350' title='bbox 1587 2208 1658 2239; x_wconf 89' lang='grc' dir='ltr'>τις</span> <span class='ocrx_word' id='word_1_351' title='bbox 1699 2193 1821 2240; x_wconf 83' lang='grc' dir='ltr'>αὐτὰ</span> <span class='ocrx_word' id='word_1_352' title='bbox 1853 2194 2247 2253; x_wconf 79' lang='grc' dir='ltr'>προσενέγκηται.</span> 
     </span>
     <span class='ocr_line' id='line_1_31' title="bbox 186 2256 2247 2318; baseline 0.002 -18"><span class='ocrx_word' id='word_1_353' title='bbox 186 2261 240 2302; x_wconf 89' lang='grc' dir='ltr'>τὸ</span> <span class='ocrx_word' id='word_1_354' title='bbox 284 2258 536 2318; x_wconf 67' lang='grc' dir='ltr'>συνεθίζειν</span> <span class='ocrx_word' id='word_1_355' title='bbox 579 2256 657 2303; x_wconf 80' lang='grc' dir='ltr'>οὖν</span> <span class='ocrx_word' id='word_1_356' title='bbox 701 2258 756 2303; x_wconf 82' lang='grc' dir='ltr'>ἐν</span> <span class='ocrx_word' id='word_1_357' title='bbox 798 2258 923 2311; x_wconf 86' lang='grc' dir='ltr'>ταῖς</span> <span class='ocrx_word' id='word_1_358' title='bbox 970 2256 1182 2305; x_wconf 82' lang='grc' dir='ltr'>ἁπλαῖς</span> <span class='ocrx_word' id='word_1_359' title='bbox 1226 2258 1318 2303; x_wconf 80' lang='grc' dir='ltr'>καὶ</span> <span class='ocrx_word' id='word_1_360' title='bbox 1370 2257 1429 2303; x_wconf 84' lang='grc' dir='ltr'>οὐ</span> <span class='ocrx_word' id='word_1_361' title='bbox 1472 2256 1835 2305; x_wconf 84' lang='grc' dir='ltr'>πολυτελέσι</span> <span class='ocrx_word' id='word_1_362' title='bbox 1880 2258 2127 2305; x_wconf 87' lang='grc' dir='ltr'>διαίταις</span> <span class='ocrx_word' id='word_1_363' title='bbox 2170 2259 2247 2304; x_wconf 75' lang='grc' dir='ltr'>καὶ</span> 
     </span>
     <span class='ocr_line' id='line_1_32' title="bbox 185 2319 2249 2381; baseline 0.001 -16"><span class='ocrx_word' id='word_1_364' title='bbox 185 2319 362 2379; x_wconf 76' lang='grc' dir='ltr'>ὑγιείας</span> <span class='ocrx_word' id='word_1_365' title='bbox 394 2322 496 2367; x_wconf 80' lang='grc' dir='ltr'>ἐστὶ</span> <span class='ocrx_word' id='word_1_366' title='bbox 531 2321 923 2380; x_wconf 83' lang='grc' dir='ltr'>συμπληρωτικὸν</span> <span class='ocrx_word' id='word_1_367' title='bbox 954 2321 1028 2367; x_wconf 77' lang='grc' dir='ltr'>καὶ</span> <span class='ocrx_word' id='word_1_368' title='bbox 1063 2322 1178 2381; x_wconf 85' lang='grc' dir='ltr'>πρὸς</span> <span class='ocrx_word' id='word_1_369' title='bbox 1208 2322 1293 2368; x_wconf 85' lang='grc' dir='ltr'>τὰς</span> <span class='ocrx_word' id='word_1_370' title='bbox 1323 2320 1587 2381; x_wconf 77' lang='grc' dir='ltr'>ἀναγκαίας</span> <span class='ocrx_word' id='word_1_371' title='bbox 1615 2322 1700 2367; x_wconf 79' lang='grc' dir='ltr'>τοῦ</span> <span class='ocrx_word' id='word_1_372' title='bbox 1725 2322 1831 2381; x_wconf 89' lang='grc' dir='ltr'>βίου</span> <span class='ocrx_word' id='word_1_373' title='bbox 1860 2322 2051 2381; x_wconf 87' lang='grc' dir='ltr'>χρήσεις</span> <span class='ocrx_word' id='word_1_374' title='bbox 2082 2320 2249 2369; x_wconf 79' lang='grc' dir='ltr'>ἄοκνον</span> 
     </span>
     <span class='ocr_line' id='line_1_33' title="bbox 187 2381 2247 2447; baseline 0.001 -17"><span class='ocrx_word' id='word_1_375' title='bbox 187 2387 312 2432; x_wconf 86' lang='grc' dir='ltr'>ποιεῖ</span> <span class='ocrx_word' id='word_1_376' title='bbox 344 2386 426 2431; x_wconf 85' lang='grc' dir='ltr'>τὸν</span> <span class='ocrx_word' id='word_1_377' title='bbox 462 2383 726 2444; x_wconf 71' lang='grc' dir='ltr'>ἄνθρωπον.</span> <span class='ocrx_word' id='word_1_378' title='bbox 793 2383 857 2429; x_wconf 81' lang='lat' dir='ltr'>cf.</span> <span class='ocrx_word' id='word_1_379' title='bbox 889 2387 939 2443; x_wconf 74' lang='lat'>55</span> <span class='ocrx_word' id='word_1_380' title='bbox 974 2384 1083 2433; x_wconf 87' lang='lat'><strong>127.</strong></span> <span class='ocrx_word' id='word_1_381' title='bbox 1115 2383 1225 2430; x_wconf 82' lang='lat'>144.</span> <span class='ocrx_word' id='word_1_382' title='bbox 1258 2384 1366 2432; x_wconf 85' lang='lat'><strong>149.</strong></span> <span class='ocrx_word' id='word_1_383' title='bbox 1440 2382 1521 2430; x_wconf 88' lang='lat' dir='ltr'>On</span> <span class='ocrx_word' id='word_1_384' title='bbox 1552 2381 1641 2431; x_wconf 79' lang='lat' dir='ltr'>the</span> <span class='ocrx_word' id='word_1_385' title='bbox 1677 2385 1808 2447; x_wconf 73' lang='grc' dir='ltr'>μάζα</span> <span class='ocrx_word' id='word_1_386' title='bbox 1833 2384 1897 2431; x_wconf 78' lang='lat' dir='ltr'>cf.</span> <span class='ocrx_word' id='word_1_387' title='bbox 1928 2384 2157 2444; x_wconf 83' lang='lat' dir='ltr'>Apollon.</span> <span class='ocrx_word' id='word_1_388' title='bbox 2190 2383 2247 2433; x_wconf 85' lang='lat' dir='ltr'>in</span> 
     </span>
     <span class='ocr_line' id='line_1_34' title="bbox 189 2446 2246 2511; baseline 0.002 -18"><span class='ocrx_word' id='word_1_389' title='bbox 189 2446 326 2495; x_wconf 87' lang='lat' dir='ltr'>Stob.</span> <span class='ocrx_word' id='word_1_390' title='bbox 353 2447 404 2493; x_wconf 94' lang='lat' dir='ltr'>fl.</span> <span class='ocrx_word' id='word_1_391' title='bbox 430 2462 535 2493; x_wconf 82' lang='lat' dir='ltr'>xvu</span> <span class='ocrx_word' id='word_1_392' title='bbox 567 2448 641 2497; x_wconf 88' lang='lat'>15.</span> <span class='ocrx_word' id='word_1_393' title='bbox 703 2446 810 2493; x_wconf 90' lang='lat' dir='ltr'>Ael.</span> <span class='ocrx_word' id='word_1_394' title='bbox 842 2460 888 2495; x_wconf 86' lang='lat' dir='ltr'>v.</span> <span class='ocrx_word' id='word_1_395' title='bbox 926 2446 978 2493; x_wconf 90' lang='lat' dir='ltr'>h.</span> <span class='ocrx_word' id='word_1_396' title='bbox 1007 2462 1061 2493; x_wconf 82' lang='lat' dir='ltr'>rv</span> <span class='ocrx_word' id='word_1_397' title='bbox 1095 2448 1154 2494; x_wconf 88' lang='lat'>13</span> <span class='ocrx_word' id='word_1_398' title='bbox 1182 2461 1234 2496; x_wconf 89' lang='lat' dir='ltr'>n.</span> <span class='ocrx_word' id='word_1_399' title='bbox 1300 2446 1544 2507; x_wconf 78' lang='lat' dir='ltr'>Porphyr.</span> <span class='ocrx_word' id='word_1_400' title='bbox 1578 2447 1706 2496; x_wconf 82' lang='lat' dir='ltr'>abst.</span> <span class='ocrx_word' id='word_1_401' title='bbox 1746 2462 1765 2493; x_wconf 94' lang='lat'>1</span> <span class='ocrx_word' id='word_1_402' title='bbox 1792 2449 1855 2495; x_wconf 84' lang='lat'>48</span> <span class='ocrx_word' id='word_1_403' title='bbox 1895 2447 1982 2497; x_wconf 77' lang='lat' dir='ltr'>fin.</span> <span class='ocrx_word' id='word_1_404' title='bbox 2028 2452 2123 2497; x_wconf 83' lang='grc' dir='ltr'>τῶν</span> <span class='ocrx_word' id='word_1_405' title='bbox 2150 2452 2246 2511; x_wconf 82' lang='grc' dir='ltr'>γὰρ</span> 
     </span>
     <span class='ocr_line' id='line_1_35' title="bbox 186 2510 2245 2577; baseline 0.002 -20"><span class='ocrx_word' id='word_1_406' title='bbox 186 2510 594 2572; x_wconf 85' lang='grc' dir='ltr'>Ἐπικουρείων</span> <span class='ocrx_word' id='word_1_407' title='bbox 635 2514 685 2559; x_wconf 79' lang='lat' dir='ltr'>ol</span> <span class='ocrx_word' id='word_1_408' title='bbox 720 2513 960 2561; x_wconf 86' lang='grc' dir='ltr'>πλείους</span> <span class='ocrx_word' id='word_1_409' title='bbox 997 2510 1078 2560; x_wconf 80' lang='grc' dir='ltr'>ἀπ’</span> <span class='ocrx_word' id='word_1_410' title='bbox 1117 2514 1260 2560; x_wconf 82' lang='grc' dir='ltr'>αὐτοῦ</span> <span class='ocrx_word' id='word_1_411' title='bbox 1291 2514 1375 2560; x_wconf 84' lang='grc' dir='ltr'>τοῦ</span> <span class='ocrx_word' id='word_1_412' title='bbox 1410 2514 1660 2574; x_wconf 84' lang='grc' dir='ltr'>κορυφαίου</span> <span class='ocrx_word' id='word_1_413' title='bbox 1692 2510 1935 2573; x_wconf 73' lang='grc' dir='ltr'>ἀρξάμενα</span> <span class='ocrx_word' id='word_1_414' title='bbox 1967 2514 2119 2577; x_wconf 73' lang='grc' dir='ltr'>μάζῃ</span> <span class='ocrx_word' id='word_1_415' title='bbox 2151 2517 2245 2562; x_wconf 76' lang='grc' dir='ltr'>καὶ</span> 
     </span>
     <span class='ocr_line' id='line_1_36' title="bbox 183 2574 2246 2638; baseline 0.002 -16"><span class='ocrx_word' id='word_1_416' title='bbox 183 2578 302 2625; x_wconf 83' lang='grc' dir='ltr'>τοῖς</span> <span class='ocrx_word' id='word_1_417' title='bbox 349 2574 683 2636; x_wconf 73' lang='grc' dir='ltr'>ἀκροδρύοις</span> <span class='ocrx_word' id='word_1_418' title='bbox 723 2575 1055 2636; x_wconf 79' lang='grc' dir='ltr'>ἀρκούμενοι</span> <span class='ocrx_word' id='word_1_419' title='bbox 1099 2578 1360 2635; x_wconf 87' lang='grc' dir='ltr'>φαίνονται,</span> <span class='ocrx_word' id='word_1_420' title='bbox 1412 2578 1476 2623; x_wconf 89' lang='grc' dir='ltr'>τά</span> <span class='ocrx_word' id='word_1_421' title='bbox 1513 2593 1567 2623; x_wconf 94' lang='grc' dir='ltr'>τε</span> <span class='ocrx_word' id='word_1_422' title='bbox 1606 2576 1978 2638; x_wconf 80' lang='grc' dir='ltr'>συγγράμματα,</span> <span class='ocrx_word' id='word_1_423' title='bbox 2002 2580 2246 2637; x_wconf 83' lang='grc' dir='ltr'>ἐμπεπλή-</span> 
     </span>
     <span class='ocr_line' id='line_1_37' title="bbox 185 2638 2245 2701; baseline 0.001 -14"><span class='ocrx_word' id='word_1_424' title='bbox 185 2657 293 2687; x_wconf 90' lang='grc' dir='ltr'>κασι</span> <span class='ocrx_word' id='word_1_425' title='bbox 328 2641 386 2687; x_wconf 86' lang='grc' dir='ltr'>τὸ</span> <span class='ocrx_word' id='word_1_426' title='bbox 419 2640 653 2698; x_wconf 77' lang='grc' dir='ltr'>ὀλιγοδεές</span> <span class='ocrx_word' id='word_1_427' title='bbox 683 2642 768 2697; x_wconf 87' lang='grc' dir='ltr'>τῆς</span> <span class='ocrx_word' id='word_1_428' title='bbox 801 2638 984 2700; x_wconf 86' lang='grc' dir='ltr'>φύσεως</span> <span class='ocrx_word' id='word_1_429' title='bbox 1014 2638 1327 2701; x_wconf 78' lang='grc' dir='ltr'>ἀφηγούμενοι</span> <span class='ocrx_word' id='word_1_430' title='bbox 1355 2642 1431 2687; x_wconf 85' lang='grc' dir='ltr'>καὶ</span> <span class='ocrx_word' id='word_1_431' title='bbox 1463 2641 1519 2688; x_wconf 81' lang='grc' dir='ltr'>τὸ</span> <span class='ocrx_word' id='word_1_432' title='bbox 1554 2641 1607 2688; x_wconf 86' lang='grc' dir='ltr'>ἐκ</span> <span class='ocrx_word' id='word_1_433' title='bbox 1632 2645 1726 2688; x_wconf 82' lang='grc' dir='ltr'>τῶν</span> <span class='ocrx_word' id='word_1_434' title='bbox 1753 2645 1894 2688; x_wconf 80' lang='grc' dir='ltr'>λιτῶν</span> <span class='ocrx_word' id='word_1_435' title='bbox 1924 2644 2001 2689; x_wconf 79' lang='grc' dir='ltr'>καὶ</span> <span class='ocrx_word' id='word_1_436' title='bbox 2032 2644 2245 2701; x_wconf 84' lang='grc' dir='ltr'>εὐπορίσ-</span> 
     </span>
     <span class='ocr_line' id='line_1_38' title="bbox 182 2704 2247 2765; baseline 0.001 -15"><span class='ocrx_word' id='word_1_437' title='bbox 182 2722 274 2750; x_wconf 85' lang='grc' dir='ltr'>των</span> <span class='ocrx_word' id='word_1_438' title='bbox 308 2706 474 2752; x_wconf 81' lang='grc' dir='ltr'>ίκανῶς</span> <span class='ocrx_word' id='word_1_439' title='bbox 507 2706 648 2761; x_wconf 81' lang='grc' dir='ltr'>αὐτῆς</span> <span class='ocrx_word' id='word_1_440' title='bbox 690 2707 745 2753; x_wconf 85' lang='grc' dir='ltr'>τὸ</span> <span class='ocrx_word' id='word_1_441' title='bbox 790 2707 1048 2765; x_wconf 85' lang='grc' dir='ltr'>ἀναγκαῖον</span> <span class='ocrx_word' id='word_1_442' title='bbox 1092 2708 1282 2762; x_wconf 78' lang='grc' dir='ltr'>ἰώμενον</span> <span class='ocrx_word' id='word_1_443' title='bbox 1323 2706 1653 2763; x_wconf 80' lang='grc' dir='ltr'>παριστάντες.</span> <span class='ocrx_word' id='word_1_444' title='bbox 1725 2704 1935 2752; x_wconf 78' lang='lat' dir='ltr'>Diokles</span> <span class='ocrx_word' id='word_1_445' title='bbox 1976 2704 2032 2753; x_wconf 84' lang='lat' dir='ltr'>in</span> <span class='ocrx_word' id='word_1_446' title='bbox 2067 2705 2175 2753; x_wconf 90' lang='lat' dir='ltr'>DL.</span> <span class='ocrx_word' id='word_1_447' title='bbox 2214 2720 2247 2753; x_wconf 82' lang='lat' dir='ltr'>x</span> 
     </span>
     <span class='ocr_line' id='line_1_39' title="bbox 181 2766 2245 2830; baseline 0.002 -16"><span class='ocrx_word' id='word_1_448' title='bbox 181 2772 206 2827; x_wconf 84' lang='lat'>5</span> <span class='ocrx_word' id='word_1_449' title='bbox 243 2769 304 2815; x_wconf 84' lang='lat'>11</span> <span class='ocrx_word' id='word_1_450' title='bbox 347 2766 590 2827; x_wconf 77' lang='lat' dir='ltr'>speaking</span> <span class='ocrx_word' id='word_1_451' title='bbox 615 2768 669 2815; x_wconf 83' lang='lat' dir='ltr'>of</span> <span class='ocrx_word' id='word_1_452' title='bbox 701 2768 798 2828; x_wconf 82' lang='lat' dir='ltr'>Ep.</span> <span class='ocrx_word' id='word_1_453' title='bbox 835 2768 939 2815; x_wconf 82' lang='lat' dir='ltr'>and</span> <span class='ocrx_word' id='word_1_454' title='bbox 979 2766 1065 2815; x_wconf 74' lang='lat' dir='ltr'>his</span> <span class='ocrx_word' id='word_1_455' title='bbox 1103 2767 1296 2815; x_wconf 73' lang='lat' dir='ltr'>friends</span> <span class='ocrx_word' id='word_1_456' title='bbox 1329 2767 1503 2829; x_wconf 80' lang='grc' dir='ltr'>κοτύλῃ</span> <span class='ocrx_word' id='word_1_457' title='bbox 1537 2772 1655 2829; x_wconf 87' lang='grc' dir='ltr'>γοῦν</span> <span class='ocrx_word' id='word_1_458' title='bbox 1687 2772 1877 2818; x_wconf 83' lang='grc' dir='ltr'>οὶνιδίου</span> <span class='ocrx_word' id='word_1_459' title='bbox 1916 2766 2152 2830; x_wconf 79' lang='grc' dir='ltr'>ἠρκοῦντο,</span> <span class='ocrx_word' id='word_1_460' title='bbox 2190 2773 2245 2819; x_wconf 85' lang='grc' dir='ltr'>τὸ</span> 
     </span>
     <span class='ocr_line' id='line_1_40' title="bbox 183 2829 2245 2893; baseline 0 -12"><span class='ocrx_word' id='word_1_461' title='bbox 183 2836 232 2881; x_wconf 81' lang='grc' dir='ltr'>δέ</span> <span class='ocrx_word' id='word_1_462' title='bbox 253 2835 356 2880; x_wconf 79' lang='grc' dir='ltr'>πᾶν</span> <span class='ocrx_word' id='word_1_463' title='bbox 377 2832 518 2893; x_wconf 85' lang='grc' dir='ltr'>ὕδωρ</span> <span class='ocrx_word' id='word_1_464' title='bbox 551 2831 608 2888; x_wconf 78' lang='grc' dir='ltr'>ἦν</span> <span class='ocrx_word' id='word_1_465' title='bbox 643 2834 796 2881; x_wconf 81' lang='grc' dir='ltr'>αὐτοῖς</span> <span class='ocrx_word' id='word_1_466' title='bbox 825 2829 988 2880; x_wconf 83' lang='grc' dir='ltr'>ποτόν.</span> <span class='ocrx_word' id='word_1_467' title='bbox 1047 2831 1117 2879; x_wconf 88' lang='lat' dir='ltr'>ib.</span> <span class='ocrx_word' id='word_1_468' title='bbox 1141 2832 1238 2892; x_wconf 86' lang='lat' dir='ltr'>Ep.</span> <span class='ocrx_word' id='word_1_469' title='bbox 1257 2832 1313 2878; x_wconf 88' lang='lat' dir='ltr'>in</span> <span class='ocrx_word' id='word_1_470' title='bbox 1335 2831 1419 2878; x_wconf 81' lang='lat' dir='ltr'>his</span> <span class='ocrx_word' id='word_1_471' title='bbox 1440 2832 1614 2879; x_wconf 76' lang='lat' dir='ltr'>letters</span> <span class='ocrx_word' id='word_1_472' title='bbox 1637 2834 1886 2892; x_wconf 74' lang='lat' dir='ltr'>professes</span> <span class='ocrx_word' id='word_1_473' title='bbox 1914 2833 2075 2881; x_wconf 80' lang='grc' dir='ltr'>ὕδατι</span> <span class='ocrx_word' id='word_1_474' title='bbox 2105 2836 2245 2892; x_wconf 83' lang='grc' dir='ltr'>μόνον</span> 
     </span>
     <span class='ocr_line' id='line_1_41' title="bbox 182 2895 2244 2959; baseline 0 -16"><span class='ocrx_word' id='word_1_475' title='bbox 182 2895 488 2959; x_wconf 75' lang='grc' dir='ltr'>αῗρκεῖσθαι</span> <span class='ocrx_word' id='word_1_476' title='bbox 523 2899 614 2943; x_wconf 85' lang='grc' dir='ltr'>καὶ</span> <span class='ocrx_word' id='word_1_477' title='bbox 656 2895 806 2959; x_wconf 73' lang='grc' dir='ltr'>ἄρτῳ</span> <span class='ocrx_word' id='word_1_478' title='bbox 847 2898 982 2957; x_wconf 76' lang='grc' dir='ltr'>λιτῷ.</span> <span class='ocrx_word' id='word_1_479' title='bbox 1055 2898 1131 2943; x_wconf 77' lang='grc' dir='ltr'>καὶ</span> <span class='ocrx_word' id='word_1_480' title='bbox 1167 2897 1384 2957; x_wconf 66' lang='grc' dir='ltr'>’πέμψον</span> <span class='ocrx_word' id='word_1_481' title='bbox 1426 2913 1505 2956; x_wconf 87' lang='grc' dir='ltr'>μοι</span> <span class='ocrx_word' id='word_1_482' title='bbox 1547 2896 1712 2957; x_wconf 88' lang='grc' dir='ltr'>τύρου’</span> <span class='ocrx_word' id='word_1_483' title='bbox 1747 2899 1866 2956; x_wconf 89' lang='grc' dir='ltr'>φησί</span> <span class='ocrx_word' id='word_1_484' title='bbox 1911 2899 2152 2954; x_wconf 61' lang='lat' dir='ltr'>‘Ruentem</span> <span class='ocrx_word' id='word_1_485' title='bbox 2190 2898 2244 2945; x_wconf 86' lang='grc' dir='ltr'>ἵν’</span> 
     </span>
     <span class='ocr_line' id='line_1_42' title="bbox 180 2958 2245 3021; baseline 0 -12"><span class='ocrx_word' id='word_1_486' title='bbox 180 2964 294 3009; x_wconf 83' lang='grc' dir='ltr'>ὅταν</span> <span class='ocrx_word' id='word_1_487' title='bbox 331 2964 577 3021; x_wconf 84' lang='grc' dir='ltr'>βούλωμαι</span> <span class='ocrx_word' id='word_1_488' title='bbox 622 2960 1060 3009; x_wconf 82' lang='grc' dir='ltr'>πολυτελεύσασθαι</span> <span class='ocrx_word' id='word_1_489' title='bbox 1095 2959 1330 3017; x_wconf 81' lang='grc' dir='ltr'>δύνωμαι.’</span> <span class='ocrx_word' id='word_1_490' title='bbox 1397 2958 1466 3007; x_wconf 91' lang='lat' dir='ltr'>ib.</span> <span class='ocrx_word' id='word_1_491' title='bbox 1500 2962 1527 3019; x_wconf 64' lang='grc' dir='ltr'><strong>ἓ</strong></span> <span class='ocrx_word' id='word_1_492' title='bbox 1562 2961 1623 3006; x_wconf 87' lang='grc'>12</span> <span class='ocrx_word' id='word_1_493' title='bbox 1655 2960 1949 3007; x_wconf 77' lang='lat' dir='ltr'>Athenaeus</span> <span class='ocrx_word' id='word_1_494' title='bbox 1982 2963 2102 3019; x_wconf 76' lang='lat' dir='ltr'>puts</span> <span class='ocrx_word' id='word_1_495' title='bbox 2132 2961 2245 3009; x_wconf 83' lang='lat' dir='ltr'>into</span> 
     </span>
     <span class='ocr_line' id='line_1_43' title="bbox 177 3022 2242 3085; baseline 0 -12"><span class='ocrx_word' id='word_1_496' title='bbox 177 3024 261 3073; x_wconf 82' lang='lat' dir='ltr'>his</span> <span class='ocrx_word' id='word_1_497' title='bbox 303 3024 492 3073; x_wconf 79' lang='lat' dir='ltr'>mouth</span> <span class='ocrx_word' id='word_1_498' title='bbox 526 3024 615 3072; x_wconf 81' lang='lat' dir='ltr'>the</span> <span class='ocrx_word' id='word_1_499' title='bbox 648 3023 812 3072; x_wconf 84' lang='lat' dir='ltr'>words</span> <span class='ocrx_word' id='word_1_500' title='bbox 845 3027 931 3074; x_wconf 83' lang='grc' dir='ltr'>τᾶς</span> <span class='ocrx_word' id='word_1_501' title='bbox 965 3023 1129 3084; x_wconf 75' lang='grc' dir='ltr'>φύσιος</span> <span class='ocrx_word' id='word_1_502' title='bbox 1173 3024 1213 3073; x_wconf 86' lang='grc' dir='ltr'>δ’</span> <span class='ocrx_word' id='word_1_503' title='bbox 1253 3026 1278 3073; x_wconf 88' lang='grc' dir='ltr'><strong>ὁ</strong></span> <span class='ocrx_word' id='word_1_504' title='bbox 1323 3022 1524 3073; x_wconf 82' lang='grc' dir='ltr'>πλοῦτος</span> <span class='ocrx_word' id='word_1_505' title='bbox 1565 3026 1672 3085; x_wconf 82' lang='grc' dir='ltr'>ὅρον</span> <span class='ocrx_word' id='word_1_506' title='bbox 1709 3027 1815 3071; x_wconf 82' lang='grc' dir='ltr'>τινὰ</span> <span class='ocrx_word' id='word_1_507' title='bbox 1854 3027 1991 3084; x_wconf 85' lang='grc' dir='ltr'>βαιὸν</span> <span class='ocrx_word' id='word_1_508' title='bbox 2036 3027 2242 3085; x_wconf 80' lang='grc' dir='ltr'>ἐπίσχει.</span> 
     </span>
     <span class='ocr_line' id='line_1_44' title="bbox 175 3088 2243 3151; baseline 0.001 -15"><span class='ocrx_word' id='word_1_509' title='bbox 175 3089 326 3138; x_wconf 85' lang='lat' dir='ltr'>Lucr.</span> <span class='ocrx_word' id='word_1_510' title='bbox 358 3102 402 3137; x_wconf 91' lang='lat'>11</span> <span class='ocrx_word' id='word_1_511' title='bbox 433 3089 642 3139; x_wconf 84' lang='lat'><strong>20-39.</strong></span> <span class='ocrx_word' id='word_1_512' title='bbox 687 3088 848 3136; x_wconf 85' lang='lat' dir='ltr'>Varro</span> <span class='ocrx_word' id='word_1_513' title='bbox 869 3088 1071 3135; x_wconf 79' lang='lat' dir='ltr'>modius</span> <span class='ocrx_word' id='word_1_514' title='bbox 1093 3088 1150 3135; x_wconf 91' lang='lat' dir='ltr'>in</span> <span class='ocrx_word' id='word_1_515' title='bbox 1169 3089 1300 3136; x_wconf 87' lang='lat' dir='ltr'>Non.</span> <span class='ocrx_word' id='word_1_516' title='bbox 1323 3102 1375 3149; x_wconf 89' lang='lat' dir='ltr'>p.</span> <span class='ocrx_word' id='word_1_517' title='bbox 1403 3089 1495 3136; x_wconf 85' lang='lat'>119</span> <span class='ocrx_word' id='word_1_518' title='bbox 1519 3089 1548 3137; x_wconf 89' lang='grc'>9</span> <span class='ocrx_word' id='word_1_519' title='bbox 1574 3089 1651 3148; x_wconf 80' lang='lat' dir='ltr'>(fr.</span> <span class='ocrx_word' id='word_1_520' title='bbox 1675 3089 1767 3136; x_wconf 85' lang='lat'>315</span> <span class='ocrx_word' id='word_1_521' title='bbox 1798 3088 2059 3151; x_wconf 72' lang='lat' dir='ltr'>Biicheler)</span> <span class='ocrx_word' id='word_1_522' title='bbox 2085 3096 2132 3135; x_wconf 78' lang='lat' dir='ltr'>et</span> <span class='ocrx_word' id='word_1_523' title='bbox 2156 3092 2243 3138; x_wconf 87' lang='lat' dir='ltr'>hoc</span> 
     </span>
     <span class='ocr_line' id='line_1_45' title="bbox 175 3152 2244 3213; baseline 0 -12"><span class='ocrx_word' id='word_1_524' title='bbox 175 3156 386 3202; x_wconf 77' lang='lat' dir='ltr'>interest</span> <span class='ocrx_word' id='word_1_525' title='bbox 415 3154 547 3201; x_wconf 80' lang='lat' dir='ltr'>inter</span> <span class='ocrx_word' id='word_1_526' title='bbox 581 3152 918 3212; x_wconf 84' lang='lat' dir='ltr'>Epicurum</span> <span class='ocrx_word' id='word_1_527' title='bbox 951 3160 999 3199; x_wconf 77' lang='lat' dir='ltr'>et</span> <span class='ocrx_word' id='word_1_528' title='bbox 1029 3167 1268 3213; x_wconf 73' lang='lat' dir='ltr'>yaneones</span> <span class='ocrx_word' id='word_1_529' title='bbox 1301 3159 1505 3208; x_wconf 79' lang='lat' dir='ltr'>nostros,</span> <span class='ocrx_word' id='word_1_530' title='bbox 1540 3154 1716 3213; x_wconf 74' lang='lat' dir='ltr'>quibus</span> <span class='ocrx_word' id='word_1_531' title='bbox 1748 3153 1969 3200; x_wconf 84' lang='lat' dir='ltr'>modulus</span> <span class='ocrx_word' id='word_1_532' title='bbox 2002 3159 2076 3199; x_wconf 80' lang='lat' dir='ltr'>est</span> <span class='ocrx_word' id='word_1_533' title='bbox 2106 3155 2244 3202; x_wconf 79' lang='lat' dir='ltr'>vitae</span> 
     </span>
     <span class='ocr_line' id='line_1_46' title="bbox 176 3215 2243 3277; baseline 0.001 -12"><span class='ocrx_word' id='word_1_534' title='bbox 176 3220 366 3265; x_wconf 80' lang='lat' dir='ltr'>colina.</span> <span class='ocrx_word' id='word_1_535' title='bbox 433 3216 534 3265; x_wconf 83' lang='lat' dir='ltr'>Cic.</span> <span class='ocrx_word' id='word_1_536' title='bbox 564 3216 714 3265; x_wconf 78' lang='lat' dir='ltr'>Tusc.</span> <span class='ocrx_word' id='word_1_537' title='bbox 738 3229 806 3265; x_wconf 93' lang='lat'>111</span> <span class='ocrx_word' id='word_1_538' title='bbox 827 3220 853 3277; x_wconf 96' lang='lat'>5</span> <span class='ocrx_word' id='word_1_539' title='bbox 886 3216 966 3265; x_wconf 84' lang='lat'>49.</span> <span class='ocrx_word' id='word_1_540' title='bbox 1000 3229 1032 3262; x_wconf 84' lang='lat' dir='ltr'><strong>v</strong></span> <span class='ocrx_word' id='word_1_541' title='bbox 1053 3218 1077 3275; x_wconf 97' lang='lat'>5</span> <span class='ocrx_word' id='word_1_542' title='bbox 1099 3218 1178 3265; x_wconf 89' lang='lat'>93.</span> <span class='ocrx_word' id='word_1_543' title='bbox 1217 3216 1344 3263; x_wconf 71' lang='lat' dir='ltr'>firm.</span> <span class='ocrx_word' id='word_1_544' title='bbox 1378 3229 1399 3263; x_wconf 93' lang='lat'>1</span> <span class='ocrx_word' id='word_1_545' title='bbox 1421 3218 1447 3275; x_wconf 90' lang='lat'>5</span> <span class='ocrx_word' id='word_1_546' title='bbox 1467 3215 1547 3263; x_wconf 88' lang='lat'>45.</span> <span class='ocrx_word' id='word_1_547' title='bbox 1571 3229 1614 3262; x_wconf 91' lang='lat'>11</span> <span class='ocrx_word' id='word_1_548' title='bbox 1636 3218 1661 3277; x_wconf 87' lang='lat'>5</span> <span class='ocrx_word' id='word_1_549' title='bbox 1684 3215 1762 3265; x_wconf 88' lang='lat'>90.</span> <span class='ocrx_word' id='word_1_550' title='bbox 1833 3216 1951 3264; x_wconf 81' lang='lat' dir='ltr'>Seu.</span> <span class='ocrx_word' id='word_1_551' title='bbox 1976 3230 2055 3275; x_wconf 89' lang='lat' dir='ltr'>ep.</span> <span class='ocrx_word' id='word_1_552' title='bbox 2081 3217 2142 3265; x_wconf 88' lang='grc'>18</span> <span class='ocrx_word' id='word_1_553' title='bbox 2164 3221 2191 3277; x_wconf 83' lang='lat'>5</span> <span class='ocrx_word' id='word_1_554' title='bbox 2212 3219 2243 3268; x_wconf 88' lang='lat'>9</span> 
     </span>
    </p>
   </div>
   <div class='ocr_carea' id='block_1_3' title="bbox 80 3279 2245 3341">
    <p class='ocr_par' dir='ltr' id='par_1_3' title="bbox 80 3279 2245 3341">
     <span class='ocr_line' id='line_1_47' title="bbox 80 3279 2245 3341; baseline 0 -13"><span class='ocrx_word' id='word_1_555' title='bbox 80 3288 88 3299; x_wconf 95' lang='grc'><em>·</em></span> <span class='ocrx_word' id='word_1_556' title='bbox 177 3282 310 3329; x_wconf 73' lang='lat' dir='ltr'>aster</span> <span class='ocrx_word' id='word_1_557' title='bbox 331 3279 745 3341; x_wconf 84' lang='lat' dir='ltr'>recommending</span> <span class='ocrx_word' id='word_1_558' title='bbox 766 3279 855 3328; x_wconf 88' lang='lat' dir='ltr'>the</span> <span class='ocrx_word' id='word_1_559' title='bbox 875 3279 988 3328; x_wconf 86' lang='lat' dir='ltr'>rich</span> <span class='ocrx_word' id='word_1_560' title='bbox 1009 3282 1064 3328; x_wconf 90' lang='lat' dir='ltr'>to</span> <span class='ocrx_word' id='word_1_561' title='bbox 1083 3280 1184 3327; x_wconf 84' lang='lat' dir='ltr'>live</span> <span class='ocrx_word' id='word_1_562' title='bbox 1207 3280 1286 3327; x_wconf 77' lang='lat' dir='ltr'>for</span> <span class='ocrx_word' id='word_1_563' title='bbox 1307 3280 1451 3327; x_wconf 88' lang='lat' dir='ltr'>three</span> <span class='ocrx_word' id='word_1_564' title='bbox 1474 3294 1532 3327; x_wconf 93' lang='lat' dir='ltr'>or</span> <span class='ocrx_word' id='word_1_565' title='bbox 1565 3279 1681 3327; x_wconf 79' lang='lat' dir='ltr'>four</span> <span class='ocrx_word' id='word_1_566' title='bbox 1702 3279 1827 3340; x_wconf 81' lang='lat' dir='ltr'>days</span> <span class='ocrx_word' id='word_1_567' title='bbox 1848 3279 1937 3327; x_wconf 86' lang='lat' dir='ltr'>the</span> <span class='ocrx_word' id='word_1_568' title='bbox 1958 3280 2047 3327; x_wconf 83' lang='lat' dir='ltr'>life</span> <span class='ocrx_word' id='word_1_569' title='bbox 2068 3282 2123 3329; x_wconf 82' lang='lat' dir='ltr'>of</span> <span class='ocrx_word' id='word_1_570' title='bbox 2153 3280 2245 3329; x_wconf 88' lang='lat' dir='ltr'>the</span> 
     </span>
    </p>
   </div>
   <div class='ocr_carea' id='block_1_4' title="bbox 166 3345 2243 3855">
    <p class='ocr_par' dir='ltr' id='par_1_4' title="bbox 166 3345 2243 3855">
     <span class='ocr_line' id='line_1_48' title="bbox 175 3345 2243 3405; baseline 0 -12"><span class='ocrx_word' id='word_1_571' title='bbox 175 3359 300 3405; x_wconf 88' lang='lat' dir='ltr'>poor</span> <span class='ocrx_word' id='word_1_572' title='bbox 329 3352 480 3393; x_wconf 79' lang='lat' dir='ltr'>certos</span> <span class='ocrx_word' id='word_1_573' title='bbox 516 3346 722 3393; x_wconf 81' lang='lat' dir='ltr'>habebat</span> <span class='ocrx_word' id='word_1_574' title='bbox 749 3346 853 3393; x_wconf 75' lang='lat' dir='ltr'>dies</span> <span class='ocrx_word' id='word_1_575' title='bbox 875 3345 964 3392; x_wconf 84' lang='lat' dir='ltr'>ille</span> <span class='ocrx_word' id='word_1_576' title='bbox 989 3346 1224 3405; x_wconf 72' lang='lat' dir='ltr'>mayister</span> <span class='ocrx_word' id='word_1_577' title='bbox 1242 3346 1515 3404; x_wconf 80' lang='lat' dir='ltr'>voluptatis</span> <span class='ocrx_word' id='word_1_578' title='bbox 1536 3346 1803 3405; x_wconf 78' lang='lat' dir='ltr'>Epicurus,</span> <span class='ocrx_word' id='word_1_579' title='bbox 1831 3346 2005 3405; x_wconf 79' lang='lat' dir='ltr'>quibus</span> <span class='ocrx_word' id='word_1_580' title='bbox 2027 3346 2243 3405; x_wconf 69' lang='lat' dir='ltr'>malique</span> 
     </span>
     <span class='ocr_line' id='line_1_49' title="bbox 166 3407 2243 3469; baseline -0.001 -12"><span class='ocrx_word' id='word_1_581' title='bbox 166 3410 359 3469; x_wconf 86' lang='lat' dir='ltr'>samem</span> <span class='ocrx_word' id='word_1_582' title='bbox 397 3410 728 3468; x_wconf 71' lang='lat' dir='ltr'>exstinqueret</span> <span class='ocrx_word' id='word_1_583' title='bbox 749 3444 762 3457; x_wconf 98' lang='lat'><strong>.</strong></span> <span class='ocrx_word' id='word_1_584' title='bbox 786 3445 800 3459; x_wconf 95' lang='lat'><strong>.</strong></span> <span class='ocrx_word' id='word_1_585' title='bbox 831 3443 845 3457; x_wconf 90' lang='lat'><strong>.</strong></span> <span class='ocrx_word' id='word_1_586' title='bbox 866 3410 1116 3468; x_wconf 73' lang='lat' dir='ltr'>yloriatur</span> <span class='ocrx_word' id='word_1_587' title='bbox 1147 3422 1274 3455; x_wconf 87' lang='lat' dir='ltr'>non</span> <span class='ocrx_word' id='word_1_588' title='bbox 1307 3410 1443 3455; x_wconf 83' lang='lat' dir='ltr'>toto</span> <span class='ocrx_word' id='word_1_589' title='bbox 1481 3421 1615 3455; x_wconf 81' lang='lat' dir='ltr'>asse</span> <span class='ocrx_word' id='word_1_590' title='bbox 1652 3407 1858 3467; x_wconf 82' lang='lat' dir='ltr'>pasci:</span> <span class='ocrx_word' id='word_1_591' title='bbox 1892 3409 2243 3467; x_wconf 81' lang='lat' dir='ltr'>Metrodorum,</span> 
     </span>
     <span class='ocr_line' id='line_1_50' title="bbox 175 3471 2243 3535; baseline 0.001 -14"><span class='ocrx_word' id='word_1_592' title='bbox 175 3476 264 3533; x_wconf 81' lang='lat' dir='ltr'>qui</span> <span class='ocrx_word' id='word_1_593' title='bbox 286 3474 501 3521; x_wconf 78' lang='lat' dir='ltr'>noudum</span> <span class='ocrx_word' id='word_1_594' title='bbox 523 3479 718 3520; x_wconf 80' lang='lat' dir='ltr'>tautum</span> <span class='ocrx_word' id='word_1_595' title='bbox 731 3474 1013 3535; x_wconf 77' lang='lat' dir='ltr'>profecerit,</span> <span class='ocrx_word' id='word_1_596' title='bbox 1043 3479 1160 3521; x_wconf 80' lang='lat' dir='ltr'>tot0.</span> <span class='ocrx_word' id='word_1_597' title='bbox 1207 3472 1271 3519; x_wconf 82' lang='lat' dir='ltr'>cf.</span> <span class='ocrx_word' id='word_1_598' title='bbox 1290 3471 1358 3521; x_wconf 90' lang='lat' dir='ltr'>ib.</span> <span class='ocrx_word' id='word_1_599' title='bbox 1382 3473 1411 3519; x_wconf 92' lang='grc'><strong>2</strong></span> <span class='ocrx_word' id='word_1_600' title='bbox 1435 3474 1487 3532; x_wconf 86' lang='lat'>55</span> <span class='ocrx_word' id='word_1_601' title='bbox 1508 3472 1537 3519; x_wconf 86' lang='lat'>5</span> <span class='ocrx_word' id='word_1_602' title='bbox 1564 3472 1608 3519; x_wconf 92' lang='lat'>6.</span> <span class='ocrx_word' id='word_1_603' title='bbox 1632 3473 1695 3519; x_wconf 83' lang='lat'>21</span> <span class='ocrx_word' id='word_1_604' title='bbox 1719 3474 1770 3531; x_wconf 90' lang='lat'>55</span> <span class='ocrx_word' id='word_1_605' title='bbox 1794 3472 1935 3521; x_wconf 84' lang='lat'><strong>7—9.</strong></span> <span class='ocrx_word' id='word_1_606' title='bbox 1951 3472 2030 3522; x_wconf 89' lang='grc'>11.</span> <span class='ocrx_word' id='word_1_607' title='bbox 2064 3472 2132 3519; x_wconf 83' lang='lat' dir='ltr'>id.</span> <span class='ocrx_word' id='word_1_608' title='bbox 2147 3474 2243 3523; x_wconf 82' lang='lat' dir='ltr'>vit.</span> 
     </span>
     <span class='ocr_line' id='line_1_51' title="bbox 173 3535 2243 3597; baseline 0.001 -14"><span class='ocrx_word' id='word_1_609' title='bbox 173 3536 308 3586; x_wconf 87' lang='lat' dir='ltr'>beat.</span> <span class='ocrx_word' id='word_1_610' title='bbox 353 3537 412 3583; x_wconf 87' lang='grc'>12</span> <span class='ocrx_word' id='word_1_611' title='bbox 441 3539 468 3597; x_wconf 88' lang='lat'>5</span> <span class='ocrx_word' id='word_1_612' title='bbox 505 3536 538 3583; x_wconf 86' lang='lat'>4</span> <span class='ocrx_word' id='word_1_613' title='bbox 575 3535 664 3584; x_wconf 88' lang='lat' dir='ltr'>the</span> <span class='ocrx_word' id='word_1_614' title='bbox 693 3536 887 3585; x_wconf 83' lang='lat' dir='ltr'>vicious</span> <span class='ocrx_word' id='word_1_615' title='bbox 920 3536 1052 3584; x_wconf 87' lang='lat' dir='ltr'>flock</span> <span class='ocrx_word' id='word_1_616' title='bbox 1079 3535 1326 3597; x_wconf 78' lang='lat' dir='ltr'>together,</span> <span class='ocrx_word' id='word_1_617' title='bbox 1361 3535 1513 3584; x_wconf 85' lang='lat' dir='ltr'>when</span> <span class='ocrx_word' id='word_1_618' title='bbox 1543 3535 1666 3597; x_wconf 83' lang='lat' dir='ltr'>they</span> <span class='ocrx_word' id='word_1_619' title='bbox 1684 3535 1810 3584; x_wconf 85' lang='lat' dir='ltr'>hear</span> <span class='ocrx_word' id='word_1_620' title='bbox 1841 3536 2073 3596; x_wconf 79' lang='lat' dir='ltr'>pleasure</span> <span class='ocrx_word' id='word_1_621' title='bbox 2107 3551 2243 3585; x_wconf 87' lang='lat' dir='ltr'>com·</span> 
     </span>
     <span class='ocr_line' id='line_1_52' title="bbox 172 3599 2241 3661; baseline 0.002 -14"><span class='ocrx_word' id='word_1_622' title='bbox 172 3599 410 3660; x_wconf 85' lang='lat' dir='ltr'>mended,</span> <span class='ocrx_word' id='word_1_623' title='bbox 457 3615 545 3649; x_wconf 80' lang='lat' dir='ltr'>uec</span> <span class='ocrx_word' id='word_1_624' title='bbox 589 3602 871 3657; x_wconf 78' lang='lat' dir='ltr'>aestimant,</span> <span class='ocrx_word' id='word_1_625' title='bbox 903 3600 1190 3661; x_wconf 76' lang='lat' dir='ltr'>voluptas</span> <span class='ocrx_word' id='word_1_626' title='bbox 1223 3599 1336 3647; x_wconf 85' lang='lat' dir='ltr'>illa</span> <span class='ocrx_word' id='word_1_627' title='bbox 1366 3599 1640 3659; x_wconf 85' lang='lat' dir='ltr'>Epicuri,</span> <span class='ocrx_word' id='word_1_628' title='bbox 1674 3602 1753 3648; x_wconf 80' lang='lat' dir='ltr'>ita</span> <span class='ocrx_word' id='word_1_629' title='bbox 1785 3604 1915 3649; x_wconf 81' lang='lat' dir='ltr'>enim</span> <span class='ocrx_word' id='word_1_630' title='bbox 1944 3602 2241 3651; x_wconf 74' lang='lat' dir='ltr'>mehercules</span> 
     </span>
     <span class='ocr_line' id='line_1_53' title="bbox 172 3662 2242 3726; baseline 0.002 -15"><span class='ocrx_word' id='word_1_631' title='bbox 172 3667 349 3723; x_wconf 80' lang='lat' dir='ltr'>sentio,</span> <span class='ocrx_word' id='word_1_632' title='bbox 401 3678 577 3724; x_wconf 87' lang='lat' dir='ltr'>quam</span> <span class='ocrx_word' id='word_1_633' title='bbox 621 3664 825 3712; x_wconf 80' lang='lat' dir='ltr'>sobria</span> <span class='ocrx_word' id='word_1_634' title='bbox 866 3677 932 3711; x_wconf 86' lang='lat' dir='ltr'>ac</span> <span class='ocrx_word' id='word_1_635' title='bbox 975 3664 1141 3714; x_wconf 81' lang='lat' dir='ltr'>sicca</span> <span class='ocrx_word' id='word_1_636' title='bbox 1184 3662 1284 3713; x_wconf 81' lang='lat' dir='ltr'>sit.</span> <span class='ocrx_word' id='word_1_637' title='bbox 1356 3663 1418 3711; x_wconf 83' lang='lat'>13</span> <span class='ocrx_word' id='word_1_638' title='bbox 1458 3666 1485 3723; x_wconf 87' lang='lat'>5</span> <span class='ocrx_word' id='word_1_639' title='bbox 1520 3664 1550 3711; x_wconf 91' lang='lat'>1</span> <span class='ocrx_word' id='word_1_640' title='bbox 1582 3665 1640 3711; x_wconf 79' lang='lat' dir='ltr'>in</span> <span class='ocrx_word' id='word_1_641' title='bbox 1671 3679 1731 3711; x_wconf 86' lang='lat' dir='ltr'>ea</span> <span class='ocrx_word' id='word_1_642' title='bbox 1762 3665 1959 3726; x_wconf 76' lang='lat' dir='ltr'>quidem</span> <span class='ocrx_word' id='word_1_643' title='bbox 1991 3666 2102 3725; x_wconf 76' lang='lat' dir='ltr'>ipsa</span> <span class='ocrx_word' id='word_1_644' title='bbox 2134 3680 2242 3715; x_wconf 78' lang='lat' dir='ltr'>seu·</span> 
     </span>
     <span class='ocr_line' id='line_1_54' title="bbox 175 3726 2241 3793; baseline 0.001 -17"><span class='ocrx_word' id='word_1_645' title='bbox 175 3731 336 3777; x_wconf 77' lang='lat' dir='ltr'>tentia</span> <span class='ocrx_word' id='word_1_646' title='bbox 368 3742 521 3784; x_wconf 66' lang='lat' dir='ltr'>sum„</span> <span class='ocrx_word' id='word_1_647' title='bbox 545 3765 557 3777; x_wconf 96' lang='lat'><strong>.</strong></span> <span class='ocrx_word' id='word_1_648' title='bbox 586 3762 598 3776; x_wconf 91' lang='lat'><strong>.</strong></span> <span class='ocrx_word' id='word_1_649' title='bbox 625 3730 841 3776; x_wconf 80' lang='lat' dir='ltr'>sancta</span> <span class='ocrx_word' id='word_1_650' title='bbox 875 3726 1220 3787; x_wconf 86' lang='lat' dir='ltr'>Epicurum</span> <span class='ocrx_word' id='word_1_651' title='bbox 1252 3730 1310 3775; x_wconf 90' lang='lat' dir='ltr'>et</span> <span class='ocrx_word' id='word_1_652' title='bbox 1341 3730 1507 3775; x_wconf 84' lang='lat' dir='ltr'>recta</span> <span class='ocrx_word' id='word_1_653' title='bbox 1543 3727 1917 3789; x_wconf 84' lang='lat' dir='ltr'>praecipere,</span> <span class='ocrx_word' id='word_1_654' title='bbox 1953 3736 2017 3785; x_wconf 86' lang='lat' dir='ltr'>et,</span> <span class='ocrx_word' id='word_1_655' title='bbox 2051 3731 2096 3777; x_wconf 84' lang='lat' dir='ltr'>si</span> <span class='ocrx_word' id='word_1_656' title='bbox 2128 3746 2241 3793; x_wconf 77' lang='lat' dir='ltr'>pro-</span> 
     </span>
     <span class='ocr_line' id='line_1_55' title="bbox 167 3792 2236 3855; baseline 0.001 -15"><span class='ocrx_word' id='word_1_657' title='bbox 167 3794 288 3855; x_wconf 80' lang='lat' dir='ltr'>pius</span> <span class='ocrx_word' id='word_1_658' title='bbox 317 3794 588 3849; x_wconf 72' lang='lat' dir='ltr'>accesseris,</span> <span class='ocrx_word' id='word_1_659' title='bbox 615 3794 814 3841; x_wconf 80' lang='lat' dir='ltr'>tristia:</span> <span class='ocrx_word' id='word_1_660' title='bbox 847 3794 1074 3853; x_wconf 81' lang='lat' dir='ltr'>voluptas</span> <span class='ocrx_word' id='word_1_661' title='bbox 1102 3794 1232 3839; x_wconf 80' lang='lat' dir='ltr'>enim</span> <span class='ocrx_word' id='word_1_662' title='bbox 1263 3792 1360 3839; x_wconf 81' lang='lat' dir='ltr'>illa</span> <span class='ocrx_word' id='word_1_663' title='bbox 1392 3792 1461 3840; x_wconf 85' lang='lat' dir='ltr'>ad</span> <span class='ocrx_word' id='word_1_664' title='bbox 1486 3806 1703 3854; x_wconf 74' lang='lat' dir='ltr'>parvum</span> <span class='ocrx_word' id='word_1_665' title='bbox 1727 3798 1774 3839; x_wconf 81' lang='lat' dir='ltr'>et</span> <span class='ocrx_word' id='word_1_666' title='bbox 1805 3794 1933 3841; x_wconf 77' lang='lat' dir='ltr'>exile</span> <span class='ocrx_word' id='word_1_667' title='bbox 1962 3802 2236 3854; x_wconf 76' lang='lat' dir='ltr'>revocatur,</span> 
     </span>
    </p>
   </div>
  </div>
 </body>
</html>
