2725 4317
181 292 392 353 9—11]
760 295 1050 345 pomum
1075 296 1184 345 Er
1229 298 1424 347 cnm.
1494 298 1737 349 SEEEP.
2128 293 2268 379 363

175 452 447 499 nationum
469 448 801 498 simulacra
831 450 936 498 sint
966 448 1316 498 bestiarum.
1353 458 1482 511 quae
1514 452 1723 499 maxime
1756 452 1815 499 in
1838 448 2062 514 Aeyypto
2095 448 2270 502 divino

177 517 352 563 cultui
385 520 666 563 consecrata
695 520 812 562 etmt
835 546 849 563 .
877 549 888 561 .
915 549 928 561 .
955 548 968 560 .
999 528 1116 561 uam
1147 522 1196 562 et
1231 516 1472 575 pleraque
1505 516 1691 576 oppida
1722 530 1889 563 eorum
1922 530 1981 563 ex
2016 518 2185 565 bestiis
2218 526 2268 567 et

175 581 423 626 iumcntis
457 580 638 626 habent
667 580 885 634 nomina,
919 577 1088 626 Κὺνων
1117 592 1152 625 a
1189 592 1358 637 cane,
1399 580 1533 626 Λέων
1577 592 1611 627 a
1656 580 1789 627 leone
1809 596 1825 627 .·
1876 579 2048 638 Θμοῦϊς
2094 583 2271 642 linqua

175 644 440 705 Aegyptia
489 644 552 690 ab
591 641 778 703 hirco,
833 641 1000 691 Λύκων
1037 657 1072 689 a
1123 643 1252 703 lupo,
1305 648 1364 690 ut
1408 648 1597 690 taceam
1641 640 1712 690 de
1754 642 2165 693 formidoloso
2210 650 2269 693 et

175 705 482 754 horribili
545 718 725 765 caepe
749 738 952 762 ......
1005 720 1130 767 quae
1184 706 1455 754 Pelusiaca
1503 706 1683 767 religio
1734 713 1821 754 eet.
1901 706 2087 768 Porph.
2134 708 2267 758 abst.

176 785 202 817 1
251 771 315 818 21
361 772 448 817 τὸν
485 772 585 817 τῶν
620 771 895 831 Αἰγυπτίων
928 772 1079 831 λόγον
1110 772 1364 831 σεσίγηκα,
1405 772 1478 817 ὅτι
1522 773 1617 817 καὶ
1651 772 1771 818 τῶν
1800 774 2001 831 φυτῶν
2033 774 2267 821 ἀδικοῦ-

173 852 292 893 μεν
334 835 682 891 ἁπτόμενοι.
745 832 887 881 Hier.
923 833 1034 881 adv.
1059 833 1221 882 Iovin.
1251 847 1294 880 11
1323 836 1351 885 7
1388 848 1502 893 coqe
1524 835 1837 895 Aeqyptium,
1860 841 1919 881 ut
1946 838 2113 883 ovium
2139 838 2265 885 lactc

176 904 450 946 vescatur:
493 900 708 959 impelle,
745 900 791 945 si
822 904 984 959 petes,
1025 898 1332 957 Pelusioten,
1376 904 1436 945 ut
1472 899 1735 945 manducet
1764 912 1867 945 eae
1879 912 1963 958 pe.
2036 902 2267 959 simulac

167 976 343 1023 paene
366 964 423 1008 in
444 964 667 1023 Aeqypto
689 964 920 1009 civitates
942 962 1164 1021 sinqulas
1189 963 1369 1009 bestiae
1392 968 1441 1009 et
1462 968 1679 1010 monstra
1707 970 2006 1010 venerantur
2026 970 2091 1020 et,
2115 966 2279 1028 quod·-

174 1040 390 1086 cumquc
427 1027 685 1082 coluerint,
722 1026 809 1073 hoc
845 1027 1138 1073 inviolabile
1173 1032 1221 1073 et
1248 1040 1445 1073 sacrum
1471 1030 1671 1086 putant.
1724 1028 1854 1074 unde
1890 1033 1939 1073 et
1971 1028 2115 1075 urbes
2146 1042 2263 1088 quo-

177 1104 280 1151 que
319 1091 454 1149 apud
488 1104 565 1137 eos
597 1104 658 1137 ccc
685 1090 984 1137 animalium
1010 1090 1264 1138 vocabulis
1301 1096 1666 1151 nuncupantur,
1703 1090 1905 1148 Leonte,
1935 1092 2089 1153 Gyno,
2114 1092 2262 1153 Lyco,

176 1154 405 1210 Busiris,
448 1154 669 1209 Tharais,
711 1155 841 1215 quod
873 1156 1232 1215 interpretatur
1267 1152 1497 1201 hircus.
1560 1152 1633 1201 id.
1656 1151 1713 1201 in
1750 1153 1868 1203 Isai.
1910 1168 1953 1201 e.
1988 1155 2048 1203 11
2070 1154 2161 1202 fin.
2190 1156 2265 1219 (ιν

177 1215 352 1277 165ὼ)
380 1224 570 1277 yentem
609 1218 964 1279 Aeyyptiorum
1004 1220 1062 1265 in
1095 1224 1288 1266 tantum
1317 1218 1640 1265 idololatriae
1672 1223 1722 1265 ct
1756 1220 2057 1267 vanissimae
2093 1234 2261 1280 super-

172 1282 384 1329 stitioni
412 1282 646 1338 deditam,
679 1288 737 1328 ut
759 1282 1022 1341 accipitres
1049 1288 1253 1329 noctuas
1289 1294 1475 1328 canes
1503 1288 1552 1329 ct
1580 1280 1786 1329 hireos
1818 1289 1867 1329 et
1893 1284 2059 1331 asinos
2088 1284 2260 1332 divino

173 1346 379 1392 nomine
401 1352 751 1393 consecrarent.
823 1345 889 1391 In
924 1344 1012 1392 the
1047 1344 1327 1393 mediaeval
1355 1358 1595 1393 romanoe
1625 1344 1865 1393 Bai-laam
1896 1346 1999 1394 and
2035 1346 2261 1408 Joasaph

175 1409 325 1469 (first
345 1408 614 1470 published
634 1407 690 1455 in
714 1408 805 1457 Gr.
827 1408 886 1455 in
920 1408 1086 1457 Boiss.
1110 1407 1282 1458 anecd.
1313 1410 1385 1469 Π)
1408 1408 1499 1457 the
1529 1411 1662 1469 goat,
1686 1410 1949 1468 crocodile,
1971 1414 2053 1459 eat
2080 1410 2259 1475 (αἴλου-

172 1473 299 1532 ρος),
324 1471 434 1533 dog,
455 1486 564 1533 ape,
589 1470 744 1536 onion
769 1473 1040 1537 (κρόμμυον)
1063 1487 1149 1521 are
1170 1472 1360 1519 named
1382 1479 1450 1535 (p.
1470 1474 1589 1535 250)
1604 1487 1791 1533 among
1807 1474 2064 1535 Egyptian
2082 1474 2260 1523 divini-

175 1536 284 1583 ties
312 1539 388 1584 καὶ
412 1540 492 1585 οὐκ
509 1539 812 1585 αἰσθάνονται
835 1539 880 1585 οἱ
901 1540 1196 1598 ταλαίπωροι
1217 1539 1323 1599 περὶ
1349 1536 1541 1587 πάντων·
1556 1542 1735 1586 τούτων
1756 1543 1829 1587 ὅτι
1852 1542 1984 1587 οὐδὲν
1998 1542 2257 1601 ἰσχύουσιν.

175 1602 384 1662 ὁρῶντες
423 1603 522 1663 ’γὰρ
558 1604 667 1652 τοὺς
711 1603 840 1649 θεοὺς
885 1602 1038 1649 αὐτῶν
1078 1603 1489 1663 βιβρωσκομένους
1529 1603 1621 1650 ὑπὸ
1664 1604 1837 1665 ἑτέρων
1880 1600 2140 1665 ἀνθρώπων
2180 1608 2257 1653 καὶ

175 1667 456 1721 καιομένους
484 1668 561 1713 καὶ
593 1668 946 1727 σφαττομένους
983 1667 1062 1713 καὶ
1098 1668 1389 1724 σηπομένους
1418 1668 1471 1713 οὔ
1502 1669 1707 1725 συνῆκαν
1734 1670 1841 1729 περὶ
1874 1671 2029 1716 αὐτῶν
2064 1670 2139 1717 ὅτι
2176 1672 2259 1718 οὐκ

177 1732 275 1777 εἰσὶ
303 1732 414 1777 θεοί.
483 1729 662 1791 Georg.
687 1728 844 1777 Pisid.
866 1729 1099 1777 hexaem.
1124 1730 1314 1779 ese—9
1339 1729 1490 1789 (after
1512 1728 1783 1778 Hercher’s
1803 1731 1908 1781 Ael.
1938 1731 2052 1779 v.h.
2071 1746 2120 1792 p.
2142 1732 2255 1797 634)

175 1790 614 1855 ἡκατ”Αἴγυπτον
639 1790 796 1857 μέθηΙ
832 1794 1004 1853 ...ἄχρι
1043 1796 1241 1854 φαύλων
1283 1794 1539 1855 ἑρπετῶν
1574 1797 1652 1842 καὶ
1691 1797 1905 1853 θηρίων
1970 1798 2054 1854 τῆς
2092 1798 2257 1844 δυσσε-

173 1860 322 1918 βείας
353 1858 580 1906 &remotio-a
615 1858 703 1906 τὸν
740 1856 907 1906 σάλον.
979 1856 1090 1905 The
1126 1856 1288 1905 whole
1322 1870 1536 1917 passage
1572 1856 1618 1905 is
1654 1856 1887 1906 imitated
1955 1874 1989 1921 y
2010 1860 2251 1909 Prudent.

173 1921 359 1983 periet.
392 1934 426 1969 x
457 1922 712 1971 253—265
753 1924 994 1983 promisce
1037 1922 1210 1977 adara,
1246 1922 1494 1981 quidquid
1536 1924 1594 1969 in
1637 1924 1781 1969 terris
1816 1926 1951 1971 sacri
1984 1930 2071 1980 est,
2102 1927 2110 1980 Ι
2140 1926 2251 1972 deos

171 1980 395 2035 L'atiuos
417 1992 466 2033 et
487 1987 598 2033 deos
620 1988 901 2049 Aeqyptios‚
936 1983 944 2048 Ι
973 1988 1084 2047 quie
1105 1986 1263 2032 Roma
1299 1986 1440 2041 libat,
1480 1986 1591 2046 quis
1626 1985 1909 2046 Canopus
1939 1990 2205 2048 supplicat.
2244 1987 2253 2053 Ι

179 2051 415 2098 Venerem
435 2052 694 2110 precaris?
732 2064 1033 2109 comprecare
1059 2054 1108 2097 et
1137 2047 1393 2097 simiam.
1426 2048 1435 2113 Ι
1459 2052 1627 2109 placet
1658 2055 1884 2097 sacratus
1911 2053 2046 2112 aspis
2070 2053 2249 2099 Aescu-

175 2115 345 2175 lapii?
372 2112 772 2177 ferocodilus,
801 2112 923 2161 ibis
956 2118 1006 2161 et
1037 2127 1218 2161 canes
1251 2126 1344 2161 cur
1361 2114 1665 2174 displicent?
1690 2112 1701 2178 Ι
1730 2115 1921 2175 adpone
1945 2114 2148 2174 porris
2176 2130 2253 2163 re-

174 2178 384 2238 ziyiosas
407 2180 594 2235 arulas,
623 2177 630 2241 Ι
661 2192 890 2226 venerare
915 2179 1140 2225 acerbum
1159 2180 1363 2237 caepe,-
1384 2178 1587 2225 mordax
1606 2180 1775 2226 alium.
1808 2177 1816 2242 Ι
1836 2179 2107 2239 fuliqinosi
2142 2186 2251 2227 ture

164 2244 452 2305 placantur
479 2242 634 2289 Lares
663 2241 670 2305 Ι
701 2248 749 2289 et
769 2248 1068 2303 respuuntur
1088 2248 1377 2289 consecrata
1405 2240 1754 2290 holuscula:
1784 2240 1791 2304 Ι
1820 2249 1909 2289 aut
1936 2244 2067 2290 uude
2092 2245 2253 2291 maior

172 2320 280 2353 esse
303 2307 534 2353 maiestas
549 2308 697 2367 focis,
729 2306 736 2370 Ι
765 2321 912 2368 quam
931 2308 1078 2353 nata
1104 2303 1166 2351 in
1187 2303 1388 2352 hortis
1412 2306 1675 2353 sarculatis
1705 2306 1939 2363 creditur,
1968 2304 1977 2369 Ι
2004 2309 2051 2354 εἰ
2074 2320 2252 2355 numen

172 2371 312 2425 ollis,
334 2384 510 2417 numen
531 2376 580 2417 et
606 2372 812 2430 porris
845 2372 974 2418 inest
993 2374 1014 2417 2
1067 2368 1140 2417 id.
1160 2382 1200 2419 c.
1233 2368 1428 2430 Symm.
1452 2382 1496 2415 11
1521 2370 1776 2418 865-870
1797 2377 1911 2417 sunt
1936 2371 2023 2430 qui
2046 2372 2251 2431 quadri·

171 2436 280 2481 viis
313 2434 612 2481 brevioribus
644 2436 716 2481 ire
735 2436 912 2495 parati
941 2432 949 2497 Ι
977 2435 1109 2481 vilia
1133 2432 1393 2481 Niliacis
1420 2436 1797 2481 venerantur
1825 2433 2156 2483 holuscula
2191 2434 2249 2483 in

170 2496 399 2553 hortis,
429 2498 436 2561 Ι
466 2512 714 2558 porrum
737 2500 794 2545 ot
829 2512 1012 2559 cae-pe
1048 2497 1192 2545 deos
1225 2500 1468 2557 imponere
1500 2499 1708 2545 nubibus
1744 2500 1859 2545 ausi
1888 2496 1897 2561 Ι
1926 2501 2125 2559 aliaque
2152 2532 2167 2547 .
2192 2532 2205 2546 .
2234 2532 2247 2546 .

168 2563 276 2609 Isis
301 2563 431 2610 enim
453 2569 498 2609 et
521 2563 724 2623 Serapis
749 2570 797 2611 et
831 2560 1041 2623 grandi
1063 2560 1241 2609 simia
1261 2560 1457 2608 cauda
1483 2561 1491 2623 Ι
1520 2568 1570 2608 et
1592 2561 1942 2609 crocodilus
1962 2562 2095 2610 idem
2116 2564 2247 2623 quod

167 2628 307 2675 Iuno
333 2626 566 2673 Lauerna
590 2627 820 2687 Priapus.
891 2625 997 2675 DS,
1021 2638 1084 2671 xx
1112 2627 1174 2673 58
1195 2629 1220 2685 ς
1243 2626 1274 2671 4
1300 2624 1390 2673 the
1420 2624 1717 2673 barbariam
1749 2625 1805 2673 in
1830 2626 1890 2675 N.
1926 2626 2095 2675 Africa
2120 2627 2247 2687 keep

169 2702 302 2749 apes
323 2689 379 2735 in
401 2688 535 2736 their
555 2688 744 2737 houses
767 2689 870 2738 and
889 2689 1108 2749 worship
1129 2688 1289 2747 them.

165 2766 448 2804 ranzanus
486 2766 657 2802 noasu
690 2754 815 2802 Luc.
849 2768 904 2803 v1
937 2754 1030 2800 114
1063 2768 1188 2815 quae
1226 2754 1419 2801 moilire
1452 2760 1638 2815 quaeunt
1662 2754 1887 2815 flamma,
1926 2770 2053 2817 quae
2083 2754 2247 2803 fran-

165 2831 318 2879 gere
350 2830 572 2865 morsu.

273 2880 482 2938 11-13
548 2882 641 2933 173
686 2880 796 2931 174.
853 2894 941 2929 nv
983 2882 1046 2931 9-8
1079 2894 1134 2931 n.
1217 2880 1341 2929 Luc.
1389 2894 1425 2928 x
1467 2880 1658 2931 157-8
1700 2883 1880 2929 multas
1930 2884 2245 2943 volucresque

153 2944 440 3056 serasque}
469 2946 726 3006 Aegypti
740 2960 944 3007 posuere
967 2945 1127 2992 deos.
1193 2958 1261 2993 on
1283 2958 1381 2993 one
1403 2944 1632 2993 oocasion
1654 2946 1707 2992 of
1728 2958 1759 2992 a
1778 2944 1971 2993 famine
1993 2947 2048 2992 in
2070 2946 2240 3006 Egypt

165 3022 334 3069 many
355 3009 403 3056 fe
459 3023 527 3055 on
550 3010 746 3057 human
768 3010 916 3067 fiesh,
939 3010 1052 3056 who
1073 3011 1158 3069 yet
1189 3007 1482 3069 religiously
1502 3007 1766 3056 abstained
1786 3008 1919 3056 from
1950 3008 2121 3069 eating
2152 3010 2245 3057 the

167 3071 353 3121 sacred
404 3072 622 3121 animale
652 3073 754 3122 DS.
781 3088 800 3121 1
829 3075 892 3121 84
913 3076 941 3133 5
963 3073 1008 3121 1.
1088 3073 1133 3119 Α
1165 3072 1366 3119 Roman
1402 3072 1521 3119 who
1554 3071 1659 3119 had
1698 3072 1853 3119 killed
1889 3086 1921 3120 a
1958 3075 2037 3120 cat
2064 3074 2243 3135 (αἴλου-

163 3135 270 3200 ρον)
295 3150 397 3184 was
419 3136 708 3185 massacred
730 3138 796 3199 by
815 3138 904 3185 the
925 3137 1122 3198 people,
1145 3136 1203 3183 in
1227 3135 1356 3197 spite
1390 3137 1444 3183 of
1482 3135 1617 3183 their
1647 3134 1801 3183 dread
1834 3136 1888 3184 of
1920 3135 2009 3184 the
2043 3136 2245 3184 Roman

164 3214 328 3250 name
361 3200 481 3250 ibid.
511 3203 572 3249 83
607 3204 632 3261 ἓ
661 3204 706 3249 8.
771 3201 1026 3249 Diodorus
1056 3215 1158 3248 was
1195 3202 1399 3261 present
1435 3203 1465 3259 ς.
1482 3202 1532 3249 9.
1596 3199 1731 3247 Mela
1754 3213 1774 3247 1
1796 3201 1825 3249 9
1860 3203 1885 3259 ἓ
1914 3203 1960 3251 7.
2028 3200 2242 3249 Tei-tull.

166 3264 307 3327 apol.
354 3265 424 3311 24
468 3264 788 3326 Aegyptiis
831 3268 1075 3327 permissa
1127 3270 1200 3313 est
1247 3270 1350 3311 tam
1394 3278 1555 3311 vanae
1602 3266 1965 3325 superstitionis
2008 3270 2241 3326 potestas,

166 3328 391 3377 avibus
424 3332 482 3375 et
515 3330 742 3377 bestiis
776 3328 1224 3377 consecrandis
1255 3331 1314 3375 et
1350 3326 1551 3388 eapite
1596 3326 1961 3375 damnandis
1994 3327 2098 3387 qui
2136 3328 2243 3375 ali·

167 3406 352 3454 quem
383 3391 734 3441 huiusmodi
767 3394 942 3441 deum
976 3392 1338 3440 occiderint.
1398 3390 1646 3452 Athenag.
1678 3392 1705 3439 1
1728 3406 1806 3452 pr.
1852 3392 2054 3451 genesis
2074 3391 2137 3439 46
2160 3393 2241 3441 34.

897 3458 963 3513 11
1030 3470 1241 3504 namma
1273 3469 1591 3503 mmmnms
1625 3469 1723 3502 vm
1762 3456 1853 3503 155
1900 3454 2147 3503 lanatas
2184 3470 2242 3504 as

167 3520 334 3569 subet.
403 3520 537 3581 Only
573 3520 663 3570 the
699 3520 1038 3583 Lykopolites,
1067 3534 1194 3568 even
1215 3520 1272 3567 in
1307 3519 1595 3567 Plutarch’s
1629 3520 1769 3579 time,
1800 3522 1882 3567 ate
1919 3522 2139 3579 mutton,
2183 3520 2241 3568 in

163 3584 429 3633 imitation
462 3586 516 3632 of
553 3586 690 3633 their
718 3585 818 3646 god
847 3585 937 3633 the
967 3584 1087 3632 wolf
1128 3584 1198 3631 Is,
1234 3586 1286 3631 et
1319 3583 1405 3631 Os·
1440 3586 1501 3633 72
1536 3583 1628 3632 fin.
1696 3582 1861 3643 Sheep
1894 3583 2154 3631 sacrificed
2182 3584 2243 3632 in

165 3650 261 3697 the
283 3652 417 3707 νομὸς
446 3650 709 3710 Νιτριώτης
739 3649 840 3697 and
862 3648 1094 3697 nowhere
1117 3648 1220 3696 else
1252 3648 1310 3695 in
1340 3648 1510 3707 Egypt
1536 3646 1716 3695 Strabo
1739 3648 1857 3695 803:
1890 3646 2155 3695 honoured
2186 3647 2242 3697 in

167 3711 285 3762 Sais
307 3712 410 3760 and
431 3712 519 3761 the
542 3712 760 3761 Thebais
781 3712 849 3760 ib.
869 3714 980 3761 812.
1016 3713 1175 3759 clem.
1199 3712 1279 3759 Al.
1303 3716 1461 3773 protr.
1486 3713 1549 3760 39
1570 3725 1617 3771 p.
1647 3712 1711 3758 34
1731 3711 1787 3759 P.
1832 3710 1897 3759 In
1918 3711 2008 3759 the
2032 3711 2243 3761 Theben

165 3790 324 3824 nome
348 3776 502 3838 sheep
529 3792 614 3826 are
645 3776 825 3837 spared
860 3777 964 3824 and
995 3779 1139 3835 goats
1171 3774 1377 3830 offered,
1400 3774 1459 3822 in
1498 3775 1587 3822 the
1623 3774 1923 3823 Mendesian
1956 3777 2064 3824 vice
2103 3792 2243 3825 versa

163 3840 297 3890 Hdt.
335 3854 376 3888 11
409 3842 486 3892 42.
571 3842 736 3903 might
779 3844 870 3889 not
904 3840 964 3889 be
997 3839 1186 3889 offered
1218 3843 1271 3888 to
1303 3839 1405 3887 Isis
1440 3840 1573 3891 Sext.
1613 3839 1765 3900 Emp.
1807 3838 1985 3901 Pyrrh.
2022 3854 2088 3888 111
2126 3843 2235 3892 220.
