2725 4317
475 484 768 542 θρεμμάτων,
807 480 920 542 παρ’
954 481 1022 529 ὧν
1052 480 1341 542 ἀμέλγονται
1373 484 1432 531 τὸ
1465 484 1655 531 κάλλος.

477 546 584 602 147
617 557 787 593 mn
819 558 919 593 Aur
959 557 1142 594 meme
1179 559 1213 592 v
1244 546 1308 594 56
1339 558 1392 595 n.
1433 545 1555 593 flos
1599 544 1801 594 Asiae.
1866 545 2185 607 Hermippus
2218 544 2277 594 in
2310 541 2435 594 Ath.
2471 545 2555 596 27²

477 608 729 669 ἀνδράποδ’
749 613 805 658 ἐκ
823 610 1089 670 Φρυγίας.
1133 608 1314 670 Eurip.
1334 609 1448 659 Alk.
1468 609 1562 660 676
1586 609 1680 660 676
1702 609 1743 658 ὦ
1762 612 1867 666 παῖ,
1889 608 1977 659 τίν’
1996 613 2171 673 αὐχεῖς,
2194 612 2375 672 πότερα
2395 611 2554 659 Λυδὸν

476 673 513 733 ἦ
552 675 594 721 ‹1›
640 677 750 734 ύγα
777 674 786 731 Ι
816 675 970 723 κακοῖς
1026 676 1235 721 ἐλαύνειν
1295 675 1698 736 ἀργυρώνητα
1740 676 1912 733 σέθεν;
1966 673 2230 735 Aristoph.
2274 687 2355 721 av.
2403 675 2549 721 1244.

475 736 599 796 Poly
637 773 649 786 .
678 750 731 784 ιν
752 738 815 785 38
838 740 864 797 5
886 738 933 785 4.
1002 736 1167 786 Strab.
1191 736 1301 787 304.
1361 737 1470 786 Ael.
1495 751 1540 786 V.
1563 735 1615 786 h.
1639 749 1673 784 x
1695 737 1772 785 14.
1826 737 2160 799 paroemiogr.
2189 751 2212 785 1
2233 738 2296 787 95
2319 737 2552 785 Leutsch

475 803 622 863 Φρὺξ
663 800 784 862 ἀνὴρ
827 803 1030 861 πληγεὶς
1073 803 1275 861 ἀμείνων
1318 803 1400 848 καὶ
1444 802 1807 863 διακονῶ-τερος.
1882 804 2049 863 νωθροὶ
2090 804 2190 862 ’γὰρ
2242 804 2464 850 δοκοῦσιν
2510 804 2552 850 01

475 867 694 927 Φρύγες
728 867 920 915 οἰκέται.
990 864 1095 914 DL.
1128 877 1171 913 11
1195 865 1256 914 75
1293 863 1462 912 Simos
1498 864 1713 913 steward
1745 865 1801 912 of
1832 864 2107 927 Dionysios
2143 879 2248 913 was
2285 868 2442 928 Φρὺξ
2474 869 2553 914 καὶ

473 931 683 992 ὄλεθρος.
751 929 878 976 Luc.
903 928 1023 978 dial.
1052 932 1204 976 mort.
1229 929 1259 977 9
1294 931 1321 988 5
1355 929 1403 979 4.
1475 928 1555 977 On
1592 928 1683 976 the
1719 929 1925 977 various
1961 929 2173 977 natione
2208 929 2346 976 from
2378 929 2550 977 which

476 993 643 1040 slaves
675 1006 803 1040 were
839 992 1075 1053 brought,
1115 993 1181 1040 cf.
1218 1005 1239 1040 1
1272 992 1368 1040 104
1389 1007 1444 1041 n.
1494 1005 1527 1039 v
1548 993 1610 1039 53
1631 1006 1686 1040 n.
1710 993 1774 1041 56
1795 1006 1846 1043 n.
1907 1005 1985 1041 vn
2008 993 2070 1041 15
2093 1007 2145 1042 n.
2172 993 2234 1040 16
2256 1007 2312 1040 n.
2366 992 2497 1041 Luc.
2519 1008 2552 1040 x

477 1058 744 1109 127—135.
812 1056 1109 1117 Marquatdt
1130 1070 1163 1103 v
1186 1055 1253 1121 (1)
1279 1056 1390 1105 165.
1454 1055 1643 1104 Indian
1666 1055 1832 1104 slaves
1853 1055 2097 1105 Philostr.
2125 1056 2269 1118 soph.
2287 1070 2310 1104 1
2331 1058 2363 1105 8
2386 1061 2413 1117 ξ
2437 1058 2488 1106 4.

1124 1132 1370 1168 mooun
1392 1120 1457 1168 of.
1482 1133 1503 1168 1
1527 1120 1620 1167 111
1641 1134 1692 1169 n.
1757 1119 1875 1170 Seu.
1897 1119 1962 1168 de
1977 1123 2140 1169 const.
2162 1134 2268 1181 sap.
2297 1134 2343 1168 11
2367 1121 2430 1168 13
2453 1124 2481 1181 ἓ
2501 1120 2549 1169 4.

474 1184 545 1233 id.
580 1182 696 1234 ben.
732 1198 786 1233 Π
818 1185 879 1232 13
917 1187 944 1245 ς
987 1186 1018 1233 3
1061 1191 1303 1232 mercator
1342 1185 1546 1232 urbibus
1587 1184 1799 1244 prodest,
1847 1185 2065 1232 medicus
2103 1187 2286 1244 aem-is,
2332 1198 2551 1244 mango

473 1251 748 1299 venalibus.
813 1249 900 1297 sed
932 1263 1092 1300 omnes
1112 1249 1219 1305 isti,
1242 1249 1364 1310 quia
1396 1249 1467 1296 ad
1498 1249 1718 1296 alienum
1746 1249 2046 1296 commodum
2070 1263 2164 1309 pro
2194 1263 2284 1296 suo
2323 1251 2547 1305 veniunt,

473 1328 575 1362 non
595 1315 822 1373 obliyant
843 1327 921 1361 eos
945 1313 1123 1374 quibus
1138 1318 1362 1372 prosunt.
1434 1311 1505 1359 id.
1528 1324 1607 1372 ep.
1636 1312 1700 1360 80
1721 1314 1748 1372 ς
1770 1313 1800 1360 9
1822 1325 2165 1370 mangones
2203 1311 2447 1374 quicquid
2478 1319 2550 1360 est

476 1377 607 1437 quod
629 1378 909 1438 displiceat,
936 1377 1108 1437 aliquo
1132 1377 1379 1423 lenocinio
1399 1376 1730 1423 abscondunt.-
1766 1378 1936 1437 itaque
1968 1377 2234 1424 ementibus
2258 1383 2550 1424 ornamenta

474 1443 591 1500 ipsa
611 1446 838 1501 suspecta
859 1447 1002 1487 sunt:
1034 1441 1140 1488 sive
1162 1454 1274 1487 crus
1297 1440 1580 1498 adligatum
1599 1441 1702 1487 sive
1725 1440 2010 1488 bracchium
2030 1440 2326 1500 adspiceres,
2361 1441 2549 1488 nudari

476 1505 667 1551 iuberes
706 1510 753 1551 et
790 1504 953 1563 ipsum
990 1504 1085 1551 tibi
1122 1517 1295 1564 corpus
1327 1504 1537 1552 ostendi.
1609 1502 1710 1563 dig.
1734 1517 1768 1550 ι.
1790 1503 1852 1552 16
1874 1504 1969 1553 207
2001 1506 2174 1552 mercis
2209 1506 2549 1565 appellatione

478 1569 694 1615 homines
715 1581 815 1614 non
835 1569 1084 1615 contineri
1107 1568 1248 1614 Mela
1268 1569 1383 1615 ait:
1416 1574 1468 1615 et
1500 1568 1560 1615 ob
1592 1582 1701 1615 eam
1727 1582 1830 1615 rem
1860 1581 2191 1627 mangones
2228 1582 2332 1617 non
2365 1582 2549 1616 merca·

481 1638 607 1679 tores
642 1631 729 1677 sed
756 1633 1111 1679 venaliciarios
1141 1632 1407 1691 appellari·
1423 1634 1518 1688 ait,
1541 1638 1590 1679 et
1619 1637 1766 1680 recte.
1821 1631 1890 1680 ib.
1916 1644 2003 1679 m
2024 1632 2053 1678 1
2076 1632 2141 1679 44
2163 1634 2189 1691 ἓ
2214 1632 2261 1680 1.
2329 1630 2546 1691 Quintil.

476 1693 604 1742 decl.
619 1693 716 1742 340
730 1695 931 1741 videtur
950 1694 1242 1754 mangoni
1255 1710 1386 1755 puer
1389 1696 1636 1755 pretiosus
1652 1712 1669 1742 .-
1694 1696 1860 1742 timuit
1876 1708 1938 1743 ne
1960 1709 2179 1754 magno
2195 1696 2551 1744 aestimaretur

482 1759 794 1815 ...iudicetis,
818 1773 966 1819 quam
985 1760 1145 1806 mttlta
1156 1759 1329 1819 jacere
1339 1762 1499 1819 possit
1521 1760 1757 1808 adversus
1766 1772 1979 1820 puerum
1999 1773 2214 1818 mango
2235 1762 2429 1809 iratus:
2460 1767 2550 1807 aut

476 1824 562 1870 illi
566 1824 783 1884 sortasse
799 1824 1018 1883 pretium
1037 1830 1232 1870 exsecta
1248 1823 1494 1871 virilitate
1508 1824 1766 1883 producet,
1789 1829 1881 1870 aut
1903 1825 1960 1871 ob
1977 1824 2204 1885 infelicis
2221 1825 2547 1872 contumeliae

476 1901 632 1935 annos
653 1888 842 1933 venibit
863 1887 921 1934 in
939 1887 1146 1947 aliquod
1176 1888 1407 1947 lupanar.
1473 1901 1549 1934 res
1582 1893 1654 1934 est
1681 1887 1820 1934 nobis
1843 1900 1953 1936 cum
1975 1888 2181 1944 homine,
2206 1890 2420 1948 quinon
2438 1902 2546 1935 eru·

479 1952 645 2006 bescit,
663 1952 799 1998 nihil
820 1957 1053 2009 reservat,
1080 1953 1232 1998 etiam
1246 1951 1524 2011 periculose
1546 1964 1730 1998 avarus
1752 1957 1842 1998 est.
1899 1951 1964 1997 cf.
1980 1950 2132 1998 Mart.
2147 1963 2226 1998 vn
2250 1952 2315 1999 80
2338 1953 2370 2001 9
2393 1953 2546 2013 Mity-

480 2017 643 2065 lenaei
663 2029 828 2063 roseus
849 2014 1173 2075 mangonis
1196 2015 1422 2075 ephebus.
1482 2026 1539 2060 ιι
1559 2015 1621 2062 59
1646 2014 1790 2063 3-6.
1846 2013 2144 2074 Marquardt
2165 2027 2199 2062 v
2220 2014 2290 2079 (1)
2315 2015 2412 2065 178
2435 2016 2545 2066 179.

1123 2078 1233 2136 148
1264 2091 1331 2126 m:
1353 2091 1528 2126 meno
1549 2092 1582 2127 v
1603 2076 1667 2126 56
1688 2092 1739 2127 n.
1769 2076 1928 2125 schol.
1954 2083 1965 2105 ‘
1984 2078 2158 2139 quales
2179 2078 2413 2127 vendunt
2436 2093 2548 2126 aare

477 2141 813 2203 mancipem-ii)
1688 2155 1885 2201 poscae,
1913 2155 2066 2189 roser.
2091 2142 2192 2191 Cic.
2221 2142 2367 2190 Verr.
2394 2157 2415 2189 1
2436 2147 2464 2203 §
2488 2143 2547 2191 66

478 2209 739 2267 poscunt
776 2208 1044 2255 maioribus
1073 2206 1286 2268 poculis.
1352 2204 1417 2254 cf.
1450 2205 1575 2256 Hor.
1607 2205 1752 2266 epod.
1792 2207 1823 2254 9
1856 2207 1920 2253 33
1951 2205 2187 2254 Lambin.
2215 2219 2257 2254 e.
2283 2220 2328 2254 11
2350 2209 2382 2255 8
2404 2208 2467 2255 35
2501 2213 2549 2254 et

479 2272 660 2319 calices
682 2270 881 2333 poscit
902 2272 1128 2320 maiores.
1164 2269 1379 2330 Quintil.
1403 2284 1458 2317 x1
1476 2271 1506 2317 3
1527 2273 1555 2330 5
1578 2271 1671 2320 117
1691 2276 1878 2329 qestam
1893 2270 2185 2330 poculum
2205 2284 2279 2330 po
2293 2270 2547 2318 scentiS.

1221 2346 1408 2381 urum
1430 2336 1523 2381 not
1543 2333 1603 2381 in
1625 2333 1791 2382 Greek
1812 2347 1878 2380 111
1900 2334 1960 2382 61
1985 2348 2038 2382 n.
2094 2348 2147 2381 vl
2167 2335 2428 2384 185-199
2451 2349 2545 2394 e.g.

478 2412 596 2445 nam
615 2398 739 2458 quid
758 2399 1035 2458 rancidius,
1057 2412 1207 2459 quam
1227 2399 1359 2459 quod
1379 2412 1428 2446 se
1450 2413 1550 2446 non
1564 2405 1718 2459 putat
1735 2400 1847 2445 ulla
1872 2397 1883 2463 Ι
1903 2398 2187 2459 formosam,
2210 2399 2314 2447 nisi
2337 2413 2465 2460 quae
2487 2400 2546 2445 de

482 2463 645 2509 Tusca
677 2462 1148 2523 Graeculasacta
1180 2466 1287 2510 est?
1317 2460 1326 2526 Ι
1357 2464 1583 2513 ...omnia
1615 2475 1842 2522 graece.
1914 2462 2130 2522 Quintil.
2164 2475 2186 2509 1
2225 2463 2289 2509 12
2327 2464 2353 2522 ἓ
2385 2464 2417 2513 9
2451 2476 2547 2511 no-

478 2524 667 2572 viciis
689 2525 928 2572 nostris
942 2540 1037 2586 per
1057 2531 1176 2586 quot
1197 2539 1351 2573 annos
1376 2539 1574 2573 sermo
1593 2525 1833 2573 latinus
1854 2527 2187 2586 repugnat!

849 2588 955 2646 149
979 2602 1113 2636 num
1134 2601 1355 2638 murus
1379 2603 1464 2638 see
1485 2589 1575 2638 the
1595 2589 1850 2637 wardrobe
1872 2590 1926 2637 of
1947 2603 1981 2637 a
2000 2591 2242 2638 delicatus
2263 2589 2324 2637 in
2348 2589 2482 2639 Stat.
2505 2605 2547 2638 e.

479 2663 523 2699 11
547 2651 574 2698 1
600 2651 836 2700 128-35.
1529 2667 1677 2701 :tonsu
1698 2653 1824 2701 Hor.
1849 2667 1927 2714 ep.
1951 2667 1974 2701 1
1996 2655 2058 2701 18
2078 2655 2109 2703 7
2135 2652 2323 2704 Obbar.
2393 2654 2546 2703 Mart.

479 2729 534 2763 1x
555 2717 618 2765 36
639 2717 700 2764 11
726 2717 818 2763 tibi
839 2717 886 2763 si
910 2717 1099 2765 dederit
1118 2718 1285 2764 vultus
1308 2732 1446 2765 coma
1466 2719 1651 2765 tonsa
1666 2717 1897 2765 virile&
1945 2731 2011 2765 111
2032 2719 2096 2765 58
2119 2719 2182 2766 30
2205 2719 2266 2764 31
2292 2725 2341 2766 et
2355 2720 2545 2779 paeda·

477 2795 599 2841 9⁰90
620 2794 719 2828 non
739 2782 936 2828 iubente
962 2782 1139 2828 lascivi
1166 2779 1174 2845 Ι
1197 2796 1376 2842 parere
1397 2783 1616 2841 ⁸caudent
1637 2783 1788 2829 vilico
1819 2781 2125 2843 capillati.
2192 2781 2495 2842 Marquardt
2520 2796 2550 2828 v

481 2844 547 2908 (1)
588 2845 680 2892 152
716 2857 784 2890 on
822 2843 913 2892 the
946 2843 1266 2892 fashionable
1299 2847 1481 2905 qlabri,
1509 2847 1702 2903 comati,
1727 2847 1918 2902 criniti,
1943 2845 2166 2906 cvispuli,
2192 2848 2546 2894 cincinnatuli.

482 2910 597 2958 Seu.
622 2922 701 2968 ep.
729 2908 821 2956 119
844 2912 870 2968 g
894 2908 955 2956 14
975 2911 1022 2956 ci
1037 2911 1288 2970 pertinere
1312 2910 1382 2956 ad
1405 2916 1451 2957 te
1472 2910 1687 2966 iudicas,
1710 2923 1859 2969 quam
1878 2908 2158 2957 crinitus
2171 2924 2304 2970 puer
2326 2918 2378 2958 et
2401 2925 2551 2973 quam

472 2974 786 3035 perlucidum
810 2975 901 3021 tibi
914 2975 1148 3033 poculum
1160 2975 1406 3034 pom-ipat,
1432 2987 1533 3021 non
1553 2975 1683 3021 sitis.
1721 2973 1862 3024 Hier.
1890 2989 1970 3034 ep.
1995 2976 2058 3022 66
2080 2977 2128 3021 8.
2197 2977 2258 3024 79
2283 2977 2332 3024 9.

476 3050 631 3085 nmen
651 3038 743 3083 not
766 3036 940 3084 cuz-led
970 3036 1097 3084 Hor.
1123 3050 1161 3086 Β.
1191 3051 1236 3084 11
1257 3038 1288 3084 8
1311 3037 1374 3085 69
1398 3037 1461 3087 70
1481 3043 1539 3084 ut
1553 3050 1712 3085 omnes
1739 3038 1748 3101 Ι
1771 3039 2052 3097 praecincti
2070 3043 2197 3085 recte
2211 3039 2365 3098 pueri
2389 3053 2546 3099 comp-

478 3103 614 3163 tique
635 3103 932 3149 ministrent.
991 3100 1109 3149 Sen.
1133 3113 1213 3161 ep.
1237 3101 1300 3149 95
1321 3103 1349 3160 fi
1370 3101 1435 3147 24
1459 3108 1652 3148 transeo
1673 3101 1877 3161 aymina
1898 3103 2191 3148 exoletorum
2204 3115 2301 3161 per
2321 3104 2549 3150 nationes

475 3167 753 3225 coloresque
776 3165 1038 3225 descripta,
1066 3171 1124 3211 ut
1145 3164 1314 3212 eadem
1334 3166 1555 3213 omnibus
1579 3166 1756 3213 levitae
1777 3167 1860 3225 sit,
1893 3165 2064 3212 eadem
2091 3166 2288 3226 primae
2318 3181 2552 3214 memura

478 3230 748 3288 lanuyinis‚
774 3228 943 3275 eadem
961 3231 1143 3289 species
1165 3230 1476 3290 capillorum,
1498 3243 1559 3277 ne
1581 3231 1709 3289 quis,
1743 3230 1828 3276 cui
1864 3228 2101 3276 rectior
2133 3235 2205 3276 est
2237 3244 2391 3290 coma,
2433 3233 2550 3279 cris-

470 3295 609 3354 pulis
630 3294 906 3342 misceatur.
973 3292 1123 3352 Apul.
1148 3296 1269 3342 met.
1295 3306 1339 3339 11
1362 3292 1424 3342 19
1439 3294 1590 3354 pueri
1622 3291 2041 3340 calamistrati
2063 3294 2273 3353 pulchre
2296 3295 2551 3342 indusiati

481 3370 691 3416 aemmas
701 3357 950 3418 formatas
971 3358 1029 3404 in
1040 3358 1227 3418 pocula
1246 3357 1356 3404 vini
1378 3358 1561 3404 vetusti
1572 3356 1861 3418 frequenter
1881 3357 2071 3417 offerre.
2106 3356 2314 3405 Petron.
2337 3358 2434 3405 102
2458 3358 2550 3405 fin.

1256 3420 1365 3478 150
1399 3433 1520 3468 mm
1540 3433 1595 3468 π
1616 3421 1680 3468 26
1703 3421 1782 3469 27.
1838 3419 1973 3468 Pers,
1998 3434 2020 3467 1
2045 3421 2105 3468 15
2128 3419 2285 3468 Jahn.
2356 3420 2476 3471 Tac.
2501 3420 2549 3469 d.

478 3484 541 3532 20
565 3482 832 3546 (metaph.)
854 3482 1158 3544 impexam
1178 3486 1549 3545 antiquitatem.
1619 3483 1919 3543 Marquardt
1941 3497 1976 3532 v
2002 3485 2072 3544 (2)
2097 3484 2210 3532 202.

860 3548 966 3606 151
996 3561 1234 3596 merome
1254 3561 1386 3596 mnu
1407 3561 1496 3595 1110
1518 3561 1612 3596 κατι·
1633 3561 1821 3607 mnne,
1849 3561 1968 3595 uma
1991 3561 2219 3596 nununcl
2236 3562 2271 3596 v
2286 3548 2485 3598 52-55
2498 3564 2550 3597 n.

479 3608 622 3671 They
640 3624 789 3671 camp
810 3615 901 3659 out
923 3613 981 3659 in
1002 3610 1092 3659 the
1122 3611 1422 3659 mountains
1454 3611 1558 3659 and
1589 3612 1730 3659 dress
1762 3611 1820 3658 in
1853 3611 2173 3672 sheepskim.
2243 3611 2448 3662 Colum.
2473 3628 2495 3660 1
2522 3615 2553 3661 8

478 3676 505 3732 ἓ
527 3674 557 3719 2
588 3688 746 3722 socors
780 3681 829 3723 et
858 3676 1234 3723 somniculosum
1251 3689 1405 3736 uenus
1437 3676 1495 3723 id
1528 3674 1827 3738 [urbanum]
1847 3678 2208 3737 mancipiorum
2239 3678 2362 3725 otiis
2383 3692 2553 3739 campo

477 3739 607 3784 circo
631 3739 838 3786 theatris
859 3740 1000 3786 aleae
1015 3741 1234 3799 popinae
1257 3740 1583 3799 lupanaribus
1607 3740 2207 3800 consuetum...eli9endus
2243 3747 2320 3788 est
2357 3741 2553 3789 rusti-

477 3799 564 3847 cis
586 3801 880 3860 operibus
903 3802 975 3849 ab
996 3801 1236 3850 infante
1257 3801 1532 3854 duratus.
1593 3802 1743 3851 Mart.
1767 3818 1801 3851 x
1822 3805 1885 3853 98
1908 3804 2068 3852 addat
2089 3818 2197 3852 cum
2213 3805 2343 3853 mihi
2368 3805 2551 3856 Caecu-

466 273 607 346 208
675 283 1032 340 PHBYGIAN
1066 284 1207 332 ΑΜ)
1240 283 1492 336 mcum
1526 284 1767 335 mens.
1834 283 2097 336 meo,
2160 282 2260 346 [XI
2282 283 2575 342 1-413-151

473 435 530 467 n
570 418 732 477 ὅμιλος
774 415 988 467 ἀσκεῖται
1029 414 1142 478 παρ’
1175 415 1332 468 αὐτοῖς
1376 420 1456 466 καὶ
1498 417 1809 478 μειρακίων
1852 416 2070 480 &pale-w
2111 415 2290 478 ἀγέλαι
2328 418 2557 481 καθάπερ

2692 2821 2699 3278 2

2664 3931 2692 4267 ι
