2725 4317
491 262 498 270 -
521 273 560 342 3
571 246 661 339 33
1077 254 1447 307 meurs
1512 256 1989 308 aerumnosa.
2186 259 2331 322 [XIV
2352 260 2464 319 2'71
2486 262 2590 322 272

509 399 654 463 ferat
681 398 984 448 lacernas.
1037 398 1107 450 id.
1140 414 1228 449 xxv
1259 400 1356 449 114
1390 400 1609 463 ‘patella
1636 400 1881 453 cumana’
1912 402 2042 451 hane
2066 402 2161 451 tibi
2186 402 2442 451 Cumanae
2462 406 2590 451 mbi-

517 464 728 513 eundam
756 464 963 525 pulvere
993 470 1145 513 testae
1173 464 1184 530 Ι
1209 464 1591 527 municipem
1622 466 1763 514 misit
1782 472 1922 514 easta
1950 467 2155 529 Sibulla
2184 480 2342 516 suam.
2414 468 2508 515 Ov.
2528 472 2588 515 tr.

520 540 574 577 xv
595 530 626 577 6
648 529 674 576 1
709 526 1012 577 ruricolae
1043 530 1226 577 aratri.
1291 529 1437 579 Neue
1457 529 1503 578 1⁸
1522 528 1637 577 600.
1700 528 1858 579 Prisc.
1883 542 1917 577 v
1935 529 2014 580 40.
2088 529 2231 579 Suet.
2257 529 2415 591 Vesp.
2440 533 2471 579 5
2492 531 2592 580 bos

518 592 742 641 arator.
807 591 930 643 Arn.
958 606 981 640 1
1003 591 1065 641 65
1087 592 1290 642 libido
1321 592 1625 642 carnifex.
1690 606 1735 641 11
1754 594 1786 642 5
1810 592 1899 641 fin.
1938 592 2273 642 carnifices
2306 595 2470 643 unci.

1029 656 1144 714 2¹72
1175 670 1399 705 momrr
1420 670 1611 705 nouus
1632 670 1871 705 neuen
1890 670 2085 705 rmum
2104 670 2171 705 111
2203 660 2265 709 77
2300 658 2590 707 schoeno·
2687 658 2688 677 ³

517 718 714 769 hstes.
781 718 893 770 Ter.
935 718 1046 769 hec.
1080 720 1208 782 prol.
1241 722 1324 770 26.
1389 720 1517 769 Hor.
1554 734 1634 783 ep.
1668 734 1713 769 11
1752 722 1780 768 1
1824 722 1920 769 210
1955 720 2181 769 Schmid.
2251 722 2373 771 Sen.
2422 722 2487 771 de
2521 723 2593 771 ira

518 797 562 859 ξι
587 784 647 857 12
669 785 750 859 §fi
772 785 1102 847 quodcumque
1123 786 1223 859 fibi
1241 786 1509 859 imperavit
1530 786 1725 835 animus
1745 786 1965 833 obtinuit
1986 819 2000 832 .
2028 819 2049 862 ‘.
2067 819 2081 833 .
2104 786 2395 861 didicerim
2428 789 2591 863 tenu·

517 846 1081 1001 ἒὲξέἒξᾶῗωῖἓῇἒξὲἶ
1088 848 1471 987 Ἐαέιῖἓὲἓὲἷ
1498 862 1613 973 335
1622 851 1927 989 323212502
1944 850 2095 961 1³:⁴3
2102 864 2251 989 {3²1²ss
2266 852 2594 975 ζ”αέῗῑῗοέἕῗ

517 974 1014 1099 Ξὲῗὲἓέθὲῗίῒ*ὲ
1029 976 2595 1115 ’1εέῗὲἒαῗῗηῖ“ῗὲῃῖιῗ“ἒ’ἔέ2”ἰῗὲ“ἕθῗῖιῗῖξῗῖἐξὲξἓξὲξ

516 1102 718 1177 limite
750 1116 1015 1177 gressus,
1047 1102 1056 1169 Ι
1083 1105 1253 1177 certa
1281 1118 1389 1166 per
1420 1107 1711 1153 extentos
1744 1103 1922 1165 ponit
1966 1104 2239 1165 vestigia
2282 1105 2475 1153 funes
2500 1105 2509 1171 Ι
2536 1110 2594 1154 et

517 1167 676 1216 caeli
705 1166 1044 1215 meditatus
1084 1170 1206 1215 iter
1246 1166 1525 1228 vestigia
1566 1167 1816 1232 perdet!
1844 1180 2043 1230 paene
2074 1182 2190 1217 sua
2218 1171 2280 1217 et
2312 1170 2596 1229 pendens

517 1231 816 1291 populum
849 1230 1183 1293 suspendit
1214 1230 1288 1281 ab
1319 1230 1477 1292 ipso.
1543 1231 1692 1293 Apul.
1722 1232 1834 1279 flor.
1862 1245 1883 1279 1
1906 1233 1937 1281 5
1972 1234 2020 1280 si
2051 1234 2226 1281 mimus
2258 1240 2350 1292 est,
2388 1235 2593 1289 riser-iu
2687 1232 2688 1297 Ι

517 1297 564 1343 si
590 1295 940 1355 funerepus,
979 1296 1217 1345 timueris.
1289 1295 1414 1343 Luc.
1447 1294 1576 1345 rhet.
1616 1309 1780 1356 praec.
1814 1298 1846 1346 9
1890 1310 1988 1344 one
2020 1295 2123 1343 will
2151 1296 2244 1343 tell
2275 1311 2399 1357 you,
2432 1298 2597 1346 follow

517 1357 608 1407 the
631 1362 768 1419 steps
802 1359 856 1406 oi
885 1356 1257 1407 Demosthenes
1290 1358 1393 1408 and
1424 1359 1571 1408 Plato
1601 1359 1707 1407 and
1734 1373 1837 1421 you
1863 1360 1969 1408 will
1998 1360 2061 1408 be
2092 1374 2123 1408 a
2151 1359 2328 1421 happy
2348 1375 2479 1409 man
2500 1362 2598 1409 and

517 1422 650 1471 have
670 1422 894 1470 rhetorio
913 1423 991 1470 for
1009 1436 1138 1483 your
1156 1420 1362 1472 wedded
1383 1422 1515 1481 wife,
1538 1427 1581 1472 εἰ
1603 1426 1729 1473 κατὰ
1749 1426 1928 1472 τούτων
1950 1424 2185 1473 ὁδεύσειας
2217 1425 2390 1485 ὥσπερ
2416 1428 2472 1473 οἱ
2504 1428 2597 1474 ἐπὶ

518 1484 632 1535 τῶν
664 1488 858 1535 κάλων
888 1488 1209 1547 βαίνοντες,
1244 1491 1286 1536 εἰ
1317 1490 1371 1537 δὲ
1403 1487 1489 1537 κᾶν
1518 1486 1763 1561 μικρόνοτι
1792 1490 2062 1562 παραβαίης
2091 1488 2123 1547 ἢ
2154 1492 2245 1548 ἔξω
2276 1492 2546 1547 πατήσειας
2566 1490 2595 1548 ἦ
2687 1544 2688 1551 ¹

519 1552 599 1599 ἐπὶ
623 1552 800 1611 θάτερα
821 1552 1009 1607 μᾶλλον
1038 1553 1242 1611 κλιθείης
1263 1553 1324 1614 τῇ
1353 1553 1498 1615 ῥοπῇ,
1522 1566 1621 1612 you
1642 1552 1747 1599 will
1766 1565 1893 1599 miss
1914 1566 2043 1613 your
2062 1566 2170 1612 way
2192 1551 2301 1600 and
2320 1552 2417 1601 the
2440 1553 2596 1601 bride.

520 1613 656 1662 Tert.
691 1614 856 1675 pudic.
894 1616 956 1663 10
999 1629 1091 1675 aye
1135 1623 1207 1673 tu,
1251 1616 1613 1664 funambule
1648 1617 1931 1677 pudicitiae
1964 1623 2015 1664 et
2045 1618 2317 1674 castitatis,
2356 1652 2369 1665 .
2410 1651 2427 1665 .
2465 1652 2480 1665 .
2514 1621 2598 1679 qui
2687 1602 2688 1627 ³

517 1676 958 1727 tenuissimum
999 1678 1180 1727 iilum
1227 1681 1503 1742 disciplina
1539 1681 1779 1728 eiusmodi
1810 1682 1918 1729 veri
1954 1681 2077 1728 avia
2111 1679 2431 1740 pendente
2479 1696 2597 1729 ves-

517 1742 674 1803 tigio
696 1740 1062 1805 ingrederis,
1095 1758 1292 1793 car-nem
1311 1746 1499 1807 spiritu
1527 1743 1787 1803 librans,
1824 1745 2158 1806 animamfide
2181 1746 2469 1803 moderans,
2493 1760 2599 1793 ocu-

517 1808 620 1855 lum
651 1814 784 1855 metu
828 1814 1112 1868 temperans.
1179 1810 1302 1869 quid
1338 1810 1511 1869 itaque
1554 1807 1618 1855 in
1656 1807 1850 1868 gradu
1885 1814 2014 1856 totus
2050 1812 2134 1857 es?
2181 1822 2341 1869 per-qe
2372 1824 2514 1869 sane,
2555 1812 2599 1857 si
2687 1810 2688 1853 ἶ

511 1872 749 1934 potueris,
773 1873 819 1919 si
842 1872 1072 1932 volueris,
1097 1872 1216 1919 dum
1245 1874 1374 1920 tam
1407 1884 1660 1921 securus
1692 1874 1753 1921 et
1785 1871 1969 1931 quasi
2001 1871 2065 1919 in
2100 1871 2303 1919 solido
2336 1886 2420 1922 es.
2490 1889 2601 1921 nam

519 1938 566 1985 si
597 1950 698 1997 qua
721 1943 768 1984 te
790 1934 1000 1984 earnis
1030 1935 1371 1993 vacillatio,
1407 1935 1606 1984 animi
1639 1936 1951 1993 avocatiO,
1986 1936 2161 1984 oculi
2194 1937 2503 1997 evagatio
2534 1938 2600 1985 de
2687 1944 2688 1953 ¹

519 2003 742 2048 tenore
775 1999 1156 2057 decusserit,
1187 2001 1324 2049 Deus
1347 2001 1496 2048 bonus
1520 2007 1607 2048 est.
1672 2001 1793 2057 suis,
1826 2002 2177 2056 methnicis,
2209 1999 2432 2049 sinum
2466 2002 2599 2050 sub-

519 2062 648 2113 icit.
700 2062 848 2112 Philo
870 2063 1081 2112 animal.
1101 2064 1165 2111 24
1189 2062 1261 2128 (vr
1285 2065 1376 2112 111
1398 2062 1629 2129 Richter)
1644 2066 1786 2125 goats
1802 2078 1871 2111 on
1893 2064 2026 2124 tight
2047 2077 2186 2123 rope.
2232 2064 2373 2113 Plin.
2398 2079 2502 2113 v111
2524 2070 2549 2126 5
2572 2067 2598 2113 5

519 2127 798 2188 elephante.
870 2126 936 2178 ib.
977 2130 1004 2188 5
1041 2128 1071 2177 6
1119 2129 1298 2177 mirum
1329 2130 1539 2176 maxime
1574 2131 1636 2177 et
1682 2127 1973 2177 adversis
2017 2127 2277 2188 quidem
2323 2129 2601 2178 funibus

519 2192 739 2240 subire
780 2194 842 2240 et
885 2190 1150 2253 regredi,
1184 2191 1415 2252 utique
1446 2191 1683 2252 pronis.
1752 2191 1871 2241 Sen.
1906 2205 1982 2252 ep.
2022 2193 2085 2240 85
2116 2195 2143 2253 5
2176 2191 2240 2239 41
2288 2194 2603 2253 elephantem
2687 2248 2688 2257 Ι

517 2256 746 2305 minimus
775 2258 1013 2317 Aethiops
1047 2258 1186 2305 iubet
1213 2256 1461 2304 subsidere
1490 2257 1548 2304 iu
1573 2270 1736 2316 yenua
1766 2263 1815 2303 et
1852 2256 2181 2304 ambulare
2214 2270 2330 2316 per
2360 2258 2599 2305 funem.

520 2319 660 2369 Suet.
696 2320 816 2367 Ner.
853 2320 913 2367 11
955 2320 1238 2369 notissimus
1280 2334 1423 2381 eques
1466 2321 1529 2370 R.
1600 2320 1952 2381 elephanto
2006 2319 2441 2379 supersidens
2498 2336 2603 2382 per

518 2382 955 2432 catadromum
987 2383 1379 2433 decucurrit.
1445 2383 1499 2432 id
1523 2383 1685 2432 Galba
1706 2385 1735 2433 6
1766 2398 1947 2432 novum
1966 2385 2238 2446 spectaculi
2266 2399 2446 2445 penus,
2487 2386 2601 2433 ele·
2687 2384 2688 2435 3

517 2446 802 2507 phantos
833 2447 1257 2508 funambuIOS,
1295 2449 1474 2497 edidit.
1538 2448 1728 2496 DGass.
1762 2460 1849 2495 m
1884 2448 1945 2498 17
1978 2451 2005 2508 5
2036 2449 2066 2494 2
2100 2450 2281 2510 ἐλέφας
2318 2446 2524 2509 ἀνήχθη
2562 2452 2605 2499 ἐς
2687 2492 2688 2513 3

519 2512 606 2569 τὴν
647 2510 871 2559 ἀνωτάτω
911 2514 998 2560 τοῦ
1035 2514 1234 2575 θεάτρου
1269 2513 1421 2575 ἁψῖδα
1453 2515 1530 2561 καὶ
1566 2514 1741 2561 ἐκεῖθεν
1778 2514 1873 2561 ἐπὶ
1910 2514 2195 2574 σχοινίων
2227 2515 2608 2574 κατέδραμεν

519 2572 762 2637 ἀναβάτην
793 2578 963 2636 φέρων.
1011 2576 1208 2624 anthol.
1232 2576 1322 2625 lat.
1348 2578 1441 2625 112
1462 2577 1509 2625 Β
1532 2579 1801 2637 stuppea
1834 2575 2201 2637 suppositis
2230 2576 2608 2626 tenduntur

518 2638 786 2687 vincula
816 2638 1038 2700 lignis,
1067 2639 1075 2705 Ι
1105 2654 1261 2701 quae
1293 2640 1429 2689 sido
1466 2639 1763 2689 ascendit
1806 2639 1991 2689 docta
2031 2639 2305 2687 iuventa
2336 2641 2561 2699 gradu.
2596 2643 2605 2705 Ι

519 2716 672 2763 quae
716 2717 902 2764 super
944 2704 1150 2753 aerius
1198 2703 1533 2767 protendit
1585 2717 1769 2751 crura
1820 2702 2319 2766 viatorlvixque
2372 2706 2609 2754 avibus

519 2766 703 2816 facili
745 2768 1000 2816 tramite
1044 2768 1245 2816 currit
1288 2767 1855 2832 hom0.1bracehia
1898 2766 2271 2815 distendens
2316 2781 2610 2827 gressum

517 2846 626 2893 per
657 2832 846 2879 inane
879 2831 1200 2892 gubernat,
1232 2830 1241 2896 Ι
1267 2846 1334 2880 ne
1366 2833 1543 2893 lapsa
1572 2830 1791 2893 gracili
1820 2832 2041 2891 planta
2071 2830 2345 2879 rudente
2370 2833 2606 2895 cadat}

519 2898 776 2944 Daedalus
811 2897 1093 2944 adstruitur
1125 2902 1282 2944 terrae
1313 2904 1525 2945 mutasse
1553 2898 1725 2944 volatu
1751 2895 1760 2959 Ι
1788 2902 1838 2943 et
1858 2897 2071 2943 medium
2090 2897 2267 2955 pinnis
2289 2900 2609 2958 pei-secuisse
2687 2940 2688 2947 ,

519 2962 664 3010 diem.
708 2959 716 3025 Ι
749 2962 1004 3021 praese-nti
1049 2963 1260 3021 exemplo
1291 2962 1534 3022 fimatur
1565 2960 1749 3021 sabula
1792 2960 2035 3008 mendax.-
2077 2958 2254 3022 leeoe
2320 2959 2609 3009 hominis
2687 2972 2688 2975 ’

519 3038 739 3073 cursus
772 3023 945 3072 funis
978 3028 1036 3073 et
1070 3038 1221 3072 aura
1262 3024 1490 3072 ferunt.
1556 3022 1826 3084 capitolin.
1868 3023 1989 3072 Ant.
2027 3023 2154 3083 phil.
2193 3023 2253 3070 12
2292 3027 2319 3083 5
2358 3026 2431 3073 12
2477 3028 2609 3074 inter
2687 3036 2688 3069 3

517 3096 680 3137 cetera
694 3090 906 3150 pietatis
929 3091 1034 3137 eius
1056 3090 1174 3137 haee
1196 3102 1380 3151 quoque
1401 3090 1672 3137 moderatio
1688 3088 2037 3148 praedicanda
2058 3094 2143 3135 est.
2201 3086 2607 3138 funambulis

516 3154 660 3214 post
691 3166 955 3214 puerum
988 3152 1239 3213 lapsum
1271 3151 1544 3201 culcitas
1566 3150 1776 3199 subici
1803 3150 2018 3199 iussit.
2084 3149 2245 3198 unde
2275 3150 2607 3213 hodieque

517 3220 652 3265 rete
683 3215 1150 3277 praetenditur.
1217 3215 1434 3264 Carinus
1456 3214 1713 3263 exhibited
1734 3214 1791 3261 in
1810 3228 1987 3280 gemes
2008 3229 2127 3277 quos
2148 3216 2208 3264 in
2226 3215 2453 3266 Palatio
2474 3221 2605 3267 circo

511 3283 760 3342 porticum
793 3282 980 3329 stabuli
1011 3283 1174 3342 pictos
1209 3281 1425 3328 vidimus
1459 3279 1659 3340 Vopisc.
1692 3278 1862 3327 Garin.
1889 3279 1949 3327 19
1984 3281 2012 3339 5
2033 3280 2063 3325 2
2098 3285 2147 3327 et
2176 3280 2601 3339 neurobaten,

517 3346 606 3407 qui
635 3344 804 3394 velut
824 3342 889 3391 in
909 3343 1112 3393 ventis
1141 3346 1462 3393 cothurn-atus
1485 3343 1773 3401 ferretur,
1808 3350 1857 3391 et
1890 3344 2188 3400 tichobaten,
2210 3345 2304 3403 qui
2320 3358 2426 3405 per
2434 3348 2604 3407 parie-

520 3416 616 3457 tem
660 3424 777 3457 urso
815 3411 948 3457 eluso
984 3410 1218 3458 cacum-it.
1289 3407 1448 3456 Prud.
1486 3406 1705 3456 hamart.
1745 3406 1939 3459 367-8
1986 3406 2132 3454 inde
2190 3420 2303 3468 per
2360 3409 2607 3457 aerium

515 3472 794 3534 pendens
849 3471 1110 3521 audacia
1161 3472 1371 3520 funem
1452 3470 1647 3520 ardua
1688 3469 1929 3519 securis
1974 3469 2225 3519 scandit
2258 3472 2608 3531 proscenia
2687 3456 2688 3533 J

516 3536 770 3597 plantis.
839 3536 1010 3585 Labeo
1030 3536 1088 3584 in
1110 3534 1208 3597 dig.
1231 3549 1318 3583 m
1341 3536 1369 3583 1
1425 3536 1457 3583 4
1477 3549 1556 3595 pr.
1579 3536 1625 3583 si
1647 3548 1816 3583 servus
1844 3548 1987 3597 quem
2016 3534 2313 3583 vendideras
2342 3538 2501 3585 iussu
2524 3545 2607 3585 tuo

518 3602 718 3661 aliquid
728 3602 860 3663 fecit
881 3608 1030 3661 atque
1052 3616 1112 3649 ex
1136 3615 1189 3648 eo
1212 3614 1323 3648 crus
1335 3600 1513 3661 sreyit,
1540 3601 1618 3647 ita
1642 3600 1833 3647 demum
1852 3614 1913 3646 ea
1932 3613 2010 3647 res
2034 3606 2117 3647 tuo
2132 3600 2367 3659 periculo
2393 3616 2501 3649 non
2516 3608 2605 3656 est,

517 3665 564 3711 si
585 3665 644 3711 id
665 3666 935 3725 imperasti,
965 3666 1094 3726 quod
1115 3665 1300 3712 solebat
1323 3671 1438 3712 ante
1460 3664 1794 3711 venditionem
1802 3663 1993 3724 facere.
2059 3661 2251 3710 Paulus
2273 3658 2346 3711 ib.
2372 3667 2605 3713 minime.-

519 3739 636 3773 nam
655 3731 700 3775 si
715 3728 1048 3787 periculosam
1066 3743 1166 3776 rem
1193 3734 1310 3776 ante
1341 3730 1671 3776 venditionem
1691 3728 1864 3789 faeere
1895 3728 2073 3775 solitus
2106 3733 2196 3783 est,
2228 3729 2387 3789 culpa
2424 3736 2518 3777 tua
2554 3728 2609 3776 id
2687 3718 2688 3727 ἕ

508 3787 706 3847 sactum
737 3804 836 3839 esse
870 3792 1153 3839 videbitur.-
1184 3799 1312 3853 pata
1335 3794 1465 3840 enim
1486 3806 1593 3839 eum
1614 3792 1777 3853 fuisse
1805 3804 2015 3848 servum,
2054 3792 2143 3853 qui
2175 3803 2289 3852 per
2321 3792 2608 3841 catadro-

2624 3852 2689 4267 Ι
