2725 4317
514 241 658 334 384
1026 254 1236 308 ωσι..
1294 252 1582 305 Bnmsn
1622 252 2064 306 sineremus,
2337 252 2465 317 [xv
2495 255 2584 315 111

505 406 677 457 Attius
700 407 881 456 Patera
902 407 990 456 the
1012 409 1197 467 father,
1221 409 1395 460 Attius
1427 409 1546 459 Tiro
1575 409 1880 472 Delphidius
1909 409 1998 459 the
2033 423 2128 458 son
2162 408 2392 458 'Teuffel’
2414 412 2514 460 401
2530 413 2576 472 8)

505 486 634 520 were
654 472 725 520 M.
747 471 1002 520 Antonius
1022 473 1227 535 Gnipho
1250 474 1357 529 (tho
1389 475 1593 523 toacher
1624 475 1678 522 oi
1712 474 1884 523 Cicero
1914 473 2018 523 and
2051 474 2238 522 Caesar
2281 474 2434 523 Suet.
2456 490 2526 537 gr.
2551 479 2576 527 7

509 550 597 584 nec
618 538 779 584 minus
798 549 1009 596 graece
1041 553 1189 599 quam
1207 537 1404 587 latino
1424 541 1632 601 ἀοοιω),
1655 538 1901 587 Votienus
1922 539 2199 586 Montanus
2220 537 2278 584 oi
2299 538 2571 589 Narbonae

506 598 742 659 (TeuffeF
761 603 788 660 5
810 600 905 650 276
948 601 991 650 1.
1063 601 1213 651 Mart.
1239 616 1339 650 vm
1361 604 1438 654 72.
1513 602 1631 652 Son.
1653 605 1814 652 contr.
1841 616 1897 650 rx
1915 616 1989 663 pr.
2020 605 2074 662 55
2114 602 2258 653 1-5.
2330 603 2399 651 28
2425 606 2454 663 5
2479 606 2569 662 15),

505 661 669 711 Iulius
705 662 889 711 Florus
912 663 1198 725 (Quintil.x
1230 668 1262 715 8
1287 667 1347 715 13
1379 665 1442 714 in
1475 666 1828 727 eloquentia
1856 664 2213 722 Galliarum,
2235 668 2481 726 quoniam
2510 668 2575 715 ibi

506 728 699 776 demum
730 730 951 777 exercuit
981 744 1104 790 eam,
1141 731 1390 791 pn‘ncgps,
1419 731 1613 791 alioqui
1643 731 1778 779 inter
1806 744 1992 792 paucos
2029 730 2283 789 disertus),
2318 729 2573 779 Domitius

504 790 627 839 Mer
666 792 720 839 of
749 790 950 840 Nismes
975 791 1209 853 (TeuffoF'
1230 796 1258 854 5
1278 796 1374 845 276
1396 795 1442 842 5.
1511 794 1628 842 Tac.
1652 808 1737 842 an.
1761 806 1815 840 1v
1846 794 1924 842 52.
1950 793 2027 844 66.
2096 806 2184 840 xxv
2208 794 2287 844 19.
2364 794 2571 855 Quintil.

503 868 538 903 x
560 855 753 915 15118
787 855 878 921 n.)‚
907 856 1184 922 (probably)
1218 856 1384 905 Iulius
1416 856 1686 906 Africanus
1725 853 1960 918 (ΤοιιΠθΙ8
1991 860 2018 917 5
2051 858 2144 907 297
2177 857 2247 917 4),
2289 857 2350 905 P.
2377 858 2573 907 Clodius

507 918 784 979 Quirinalis
815 921 868 968 of
898 920 1043 969 Arles
1078 920 1164 979 (ib.
1198 920 1295 986 10),
1331 921 1393 971 L.
1432 921 1606 970 Status
1640 921 1862 969 Ursulus
1902 921 1955 969 of
1988 921 2170 968 Tolosa
2201 919 2293 981 (ib.
2324 921 2433 983 12),
2467 923 2571 972 Sex.

504 982 669 1032 Iulius
701 983 1015 1033 Gabinianus
1047 984 1135 1046 (ib.
1159 988 1186 1045 5
1207 987 1302 1034 315
1325 986 1372 1033 2.
1440 985 1556 1035 Tac.
1583 984 1635 1037 d.
1659 984 1722 1033 26
1755 983 1885 1049 fin.)‚
1922 984 1995 1033 M.
2025 986 2159 1045 Aper
2181 982 2409 1048 (Teuffel
2439 986 2505 1037 ib.
2528 988 2571 1035 3.

507 1046 626 1096 Tac.
647 1046 698 1097 d.
720 1049 771 1097 2.
793 1050 840 1099 7.
864 1049 942 1097 10.
968 1048 1065 1111 11),
1097 1049 1385 1100 Eumenius
1416 1049 1470 1096 oi
1497 1049 1690 1107 Autan,
1709 1048 1895 1097 author
1914 1048 1967 1096 oi
1996 1049 2111 1096 four
2129 1047 2367 1097 orations
2393 1063 2573 1110 among

505 1111 595 1160 tho
625 1111 929 1173 panegyrici,
957 1127 1055 1160 ono
1094 1114 1163 1173 (n.
1192 1114 1242 1174 4)
1265 1116 1428 1161 oratio
1460 1128 1552 1175 pro
1589 1114 1934 1161 instaurandis
1969 1113 2163 1171 scholis,
2193 1111 2302 1160 and
2341 1118 2570 1174 amongst

505 1175 596 1224 tho
626 1175 774 1225 other
805 1190 934 1236 pane
1029 1174 1091 1224 'ci
1121 1176 1385 1233 Nazarius,
1419 1175 1755 1225 Mamertinus
1786 1176 1890 1225 and
1919 1175 2243 1236 Drepanius;
2275 1175 2344 1223 L.
2379 1177 2569 1226 Plotius

506 1239 687 1288 Gallus
726 1239 886 1302 (Suet.
915 1254 943 1286 r
1030 1241 1079 1287 2.
1146 1240 1369 1288 Teuffel³
1396 1244 1422 1301 5
1453 1242 1546 1291 159
1585 1239 1655 1305 2),
1677 1240 1723 1288 Α
1756 1238 1983 1289 runculis
2022 1239 2201 1288 Gallus
2236 1239 2437 1302 (Amin.
2471 1254 2571 1290 nn

505 1303 585 1363 15
608 1305 676 1363 2),
717 1302 822 1351 and
858 1302 1032 1351 others
1066 1302 1124 1351 in
1160 1304 1378 1352 Casaub.
1416 1317 1485 1352 on
1525 1304 1664 1355 Suet.
1701 1318 1729 1351 r
1819 1303 1912 1353 fin.
1976 1302 2119 1351 Hier.
2158 1316 2236 1364 ep.
2273 1304 2476 1354 125=4
2514 1304 2571 1353 ad

505 1366 774 1415 Rusticum
791 1369 817 1426 5
834 1367 864 1415 6
886 1367 914 1414 1
932 1366 1058 1414 hear
1080 1366 1193 1415 that
1212 1381 1340 1428 your
1360 1367 1564 1416 mother
1584 1367 1766 1428 taught
1786 1381 1887 1429 you
1906 1366 1964 1415 in
1978 1380 2104 1428 your
2119 1366 2336 1428 iniancy
2352 1383 2414 1417 ac
2437 1372 2572 1430 post

507 1429 712 1479 studia
753 1429 1111 1487 Galliarum,
1151 1445 1302 1491 quae
1343 1432 1441 1479 vel
1483 1430 1938 1480 florentissima
1973 1432 2130 1488 sunt,
2167 1433 2314 1479 misit
2351 1433 2570 1489 Romam,

504 1508 604 1542 non
617 1508 827 1555 parcens
850 1495 1121 1556 sumptibus
1143 1501 1192 1543 et
1212 1496 1488 1545 absentiam
1496 1497 1607 1557 filii
1627 1510 1709 1556 spe
1729 1497 1969 1544 sustinens
1980 1496 2286 1557 futurorum,
2309 1502 2374 1543 ut
2404 1497 2570 1545 uber·

504 1560 694 1606 tatem
716 1556 939 1605 Gallici
958 1556 1339 1619 nitoremque
1373 1558 1671 1607 sermonis
1700 1559 1927 1619 aravitas
1947 1560 2171 1607 Romana
2191 1560 2440 1608 condiret.
2504 1559 2571 1612 id.

504 1619 562 1669 in
593 1634 673 1682 ep.
707 1620 820 1671 Gal.
858 1635 902 1669 11
933 1636 1011 1683 pr.
1045 1637 1154 1670 cum
1184 1630 1234 1672 et
1264 1624 1503 1672 Hilarius
1545 1620 1804 1671 Latinae
1847 1620 2236 1683 eloquentiae
2278 1624 2572 1682 Rhodanus,

506 1685 721 1734 Gallus
751 1684 880 1747 ipso
913 1689 974 1735 et
1003 1686 1277 1736 Pictavis
1311 1686 1572 1748 genitus,
1594 1689 1652 1735 in
1683 1687 1969 1748 hymnorum
1988 1687 2203 1735 carmine
2229 1688 2411 1736 Gallos
2432 1688 2572 1737 indo·

505 1750 624 1798 ciles
644 1756 793 1800 vocet.
851 1756 900 1798 et
920 1751 1050 1812 quod
1068 1766 1198 1800 nunc
1220 1754 1528 1800 oratorum
1555 1748 1797 1798 tortiles
1830 1753 1986 1809 sunt,
2021 1764 2121 1799 non
2140 1756 2245 1797 tam
2264 1752 2338 1798 ad
2356 1754 2572 1813 regionis

504 1814 829 1875 diligentiam,
857 1829 1005 1875 quam
1025 1816 1094 1863 ad
1112 1814 1556 1872 rhetoricorum
1577 1814 1898 1862 clamorem
1911 1815 2144 1875 pertinet.
2213 1812 2324 1863 Sid.
2347 1828 2429 1876 ep.
2453 1830 2523 1863 111
2541 1817 2571 1864 3

506 1876 623 1928 SaV.
647 1877 869 1927 Cassiod.
886 1892 993 1927 var.
1005 1893 1104 1927 vm
1126 1880 1187 1927 12
1210 1881 1263 1927 to
1284 1879 1465 1926 Arator
1483 1878 1815 1926 Romanum
1836 1876 2092 1938 donique
2115 1876 2431 1939 eloquium
2454 1894 2573 1928 non

504 1942 635 1991 suis
678 1941 1033 2003 regionibus
1074 1942 1377 1991 invenisti
1418 1944 1478 1990 ot
1511 1940 1600 1990 ibi
1633 1944 1692 1989 te
1729 1939 2014 1989 Tulliana
2046 1940 2233 1989 lectio
2271 1940 2574 1992 disertum

503 2004 788 2068 reddidit,
814 2005 919 2055 ubi
939 2007 1238 2067 quondam
1272 2006 1510 2055 Gallica
1537 2004 1749 2067 lingua
1776 2019 1955 2053 reson
1969 2003 2108 2054 avit.
2142 2003 2248 2053 ubi
2281 2010 2447 2066 sunt,
2473 2006 2575 2068 qui

504 2069 753 2120 litteras
795 2070 1051 2119 Latinas
1083 2071 1319 2128 Romae,
1355 2084 1477 2118 non
1514 2070 1699 2118 etiam
1745 2068 1895 2117 alibi
1936 2071 2224 2117 asserunt
2268 2083 2407 2119 osso
2461 2071 2576 2119 dis-

504 2133 1000 2184 cendas?...soluta
1040 2141 1112 2183 est
1154 2137 1336 2197 quippe
1379 2137 1457 2183 vis
1500 2135 1596 2182 illa
1635 2135 1930 2182 sententiae.-
1973 2131 2171 2182 mittit
2213 2135 2278 2181 et
2319 2133 2577 2195 Liguria

503 2198 734 2246 Tullios
772 2212 927 2247 suos.
994 2198 1153 2248 Sidon
1193 2213 1271 2259 op.
1295 2213 1329 2247 v
1362 2198 1427 2246 10
1462 2200 1518 2246 to
1556 2196 1821 2258 Sapaudus
1859 2204 1947 2245 tua
1981 2210 2095 2245 vero
2131 2203 2234 2245 tam
2271 2198 2434 2255 clara,
2472 2206 2576 2247 tam

503 2263 783 2324 spectabilis
805 2263 959 2311 dictio
980 2269 1067 2321 est,
1081 2269 1139 2311 ut
1158 2260 1960 2322 illi...abundantiaDolphidii,
1978 2259 2257 2321 Agroecii
2277 2262 2573 2323 disciplina,

494 2327 742 2388 fortitudo
776 2326 1008 2384 Alcimi,
1051 2328 1286 2388 Adelphii
1330 2327 1619 2386 teneritudo,
1655 2328 1795 2386 riyor
1826 2323 2042 2385 Magni,
2085 2325 2292 2373 dulcedo
2337 2327 2571 2383 Victorii,

502 2404 602 2437 non
620 2391 760 2438 modo
780 2405 879 2437 non
898 2393 1168 2452 superiora,
1184 2392 1270 2439 sed
1290 2392 1379 2439 vix
1400 2390 1800 2453 aequiparabilia
1819 2390 2113 2439 scribantur.
2161 2387 2233 2436 id.
2247 2403 2295 2437 c.
2310 2390 2574 2438 301-4314

505 2466 538 2500 a
555 2452 657 2500 like
679 2454 952 2514 catalogue.
1019 2455 1131 2503 Car.
1155 2454 1410 2503 Monnard
1430 2453 1493 2503 de
1516 2454 1777 2503 Gallorum
1797 2451 2013 2501 oratorio
2028 2451 2255 2512 ingenie,
2278 2452 2572 2502 rhetoribus

505 2517 556 2563 ot
587 2515 881 2571 rhetoricae,
903 2517 1249 2566 Romanorum
1281 2523 1524 2579 temporo,
1548 2517 1734 2567 scholis
1763 2517 1915 2567 Bonn
1949 2516 2091 2564 1848.
2157 2515 2221 2563 G.
2247 2516 2569 2566 Kauffmann

502 2578 972 2628 Bhetorenschulen
1009 2596 1061 2631 u.
1102 2582 1517 2631 Klosterschulen
1558 2581 1680 2630 oder
1713 2578 2011 2629 hoidnischo
2056 2593 2108 2629 u.
2149 2578 2347 2628 christl.
2384 2580 2568 2630 Cultur

503 2642 559 2691 in
590 2642 791 2692 Gallion
826 2644 1066 2693 wahrend
1103 2645 1153 2694 (1.
1178 2648 1224 2697 5.
1261 2661 1313 2694 u.
1347 2647 1396 2696 6.
1434 2645 1614 2695 Jahrh.
1639 2658 1678 2695 s.
1707 2659 1754 2693 a.
1819 2643 1868 2692 J.
1891 2644 1936 2694 J.
1967 2643 2030 2691 de
2062 2643 2206 2693 Smet
2238 2643 2385 2693 acad.
2408 2645 2565 2694 Bmx.

505 2708 648 2758 1850.
710 2708 840 2768 Eug.
880 2709 1017 2769 Jung
1053 2708 1116 2757 de
1160 2710 1345 2758 scholis
1385 2710 1631 2759 Romanis
1671 2710 1729 2758 in
1771 2708 1939 2757 Gallia
1979 2709 2196 2757 comata.
2262 2708 2379 2760 Par.
2422 2710 2567 2758 1855.

502 2786 609 2833 esp.
646 2771 737 2820 the
773 2775 916 2832 great
948 2772 1068 2825 hist.
1111 2773 1213 2823 litt.
1253 2774 1315 2822 de
1348 2774 1402 2824 la
1433 2774 1647 2823 Franco.
1714 2771 1931 2821 Teuffel⁸
1952 2774 1979 2832 5
2003 2771 2116 2820 466.
2182 2770 2409 2833 Ampere
2444 2772 2568 2821 hist.

502 2837 602 2885 litt.
626 2835 690 2885 do
708 2837 761 2886 la
781 2837 973 2885 Franco
996 2841 1148 2885 avant
1170 2839 1217 2886 le
1238 2846 1333 2886 111⁹
1358 2838 1529 2887 siecle⁸
1550 2838 1664 2886 Par.
1686 2838 1812 2888 1870
1835 2838 1865 2883 2
1887 2836 2010 2887 vols.
2083 2834 2348 2884 Christian
2370 2837 2566 2885 writers

500 2901 726 2949 resident
757 2901 814 2949 in
847 2902 981 2950 Gaul
1012 2916 1055 2950 e.
1080 2917 1124 2963 g.
1147 2903 1408 2959 Irenaeus,
1443 2900 1695 2963 Sulpicius
1729 2901 1960 2960 Severus,
1995 2898 2306 2959 vigilantius
2334 2900 2392 2948 ot
2424 2900 2562 2949 Cala·

501 2966 684 3024 gurris,
715 2965 937 3014 Rufinus
964 2966 1017 3014 oi
1046 2966 1296 3027 Aquileia,
1327 2965 1614 3024 Salvianus,
1647 2963 1955 3014 Claudianus
1986 2962 2289 3021 Mamertus,
2324 2962 2563 3014 Sidonius

502 3028 820 3090 Apollinaris,
860 3030 1091 3090 Prosper,
1125 3029 1424 3079 Vincentius
1454 3028 1755 3079 Lirinensis.
1821 3028 2008 3087 Grang.
2037 3026 2160 3075 cites
2193 3027 2286 3075 tho
2320 3028 2562 3088 Quorolus

501 3107 548 3153 p.
569 3094 631 3143 17
653 3095 716 3141 22
737 3093 916 3153 Peipor
936 3094 1086 3142 LAR.
1107 3097 1231 3143 vade
1254 3096 1323 3143 ad
1342 3096 1572 3156 Ligerem
1589 3096 1765 3142 vivito.
1820 3092 2023 3154 QUEB.
2056 3091 2182 3153 quid
2205 3096 2346 3140 tum?
2414 3092 2561 3139 LAB.

500 3158 612 3205 illic
652 3158 760 3205 iure
796 3160 1015 3217 yentium
1049 3160 1226 3207 vivunt
1263 3161 1494 3219 homines,
1531 3160 1608 3208 ibi
1637 3159 1831 3206 nullum
1873 3163 1946 3204 est
1970 3156 2320 3217 praestiyium,
2353 3157 2435 3205 ibi
2462 3170 2561 3205 sen-

503 3222 686 3269 tentiae
708 3223 946 3282 capitales
969 3223 1028 3270 de
1048 3225 1215 3271 robore
1231 3225 1552 3285 proferuntur
1571 3228 1619 3271 et
1648 3223 1930 3270 scribuntur
1947 3220 2005 3268 in
2024 3220 2213 3267 ossibus
2217 3235 2239 3276 ,·
2276 3221 2394 3268 illic
2416 3222 2561 3269 etiam

499 3283 726 3333 rustici
756 3288 1046 3346 perorant
1078 3293 1127 3334 et
1150 3289 1347 3348 privati
1378 3288 1622 3335 iudicant.

679 3362 960 3397 Burrmnos
1016 3350 1132 3398 Tac.
1186 3352 1304 3410 Agr.
1360 3352 1423 3398 21
1475 3352 1580 3398 iam
1624 3364 1734 3399 vero
1768 3349 2054 3410 principum
2083 3346 2227 3408 filios
2274 3347 2558 3396 liberalibus

500 3415 691 3461 artibus
716 3415 911 3461 erudire
934 3420 983 3462 et
1018 3412 1267 3474 ingenia
1302 3414 1740 3462 Britannorum
1778 3411 2003 3460 studiis
2042 3410 2361 3459 Gallorum
2401 3414 2555 3461 ante·

498 3478 674 3534 ferre,
696 3479 763 3524 ut
785 3476 886 3537 qui
903 3477 1075 3526 modo
1103 3477 1378 3538 linguam
1409 3479 1735 3526 Romanam
1758 3475 2122 3531 abnuebant,
2145 3473 2560 3534 eloquentiam

499 3540 1014 3601 concupiscerent.
1098 3541 1233 3589 Plut.
1265 3542 1362 3590 def.
1402 3556 1534 3590 orac.
1573 3542 1603 3588 2
1641 3555 1718 3602 pr.
1754 3538 2044 3588 Demetrius
2083 3537 2174 3586 tho
2215 3540 2560 3599 grammarian

496 3603 762 3664 returning
795 3604 947 3653 home
989 3607 1045 3653 to
1087 3605 1275 3654 Tarsus
1317 3607 1451 3654 from
1493 3604 1709 3653 Britain.
1772 3603 1974 3652 Britain
2005 3601 2069 3666 (V
2068 3615 2167 3663 erg.
2191 3601 2287 3650 ecl.
2310 3603 2343 3650 1
2378 3603 2443 3653 67
2467 3609 2559 3652 toto

497 3670 679 3716 divisos
702 3670 812 3717 orbe
834 3671 1122 3731 Britannos)
1146 3684 1246 3717 was
1269 3684 1301 3717 a
1320 3684 1473 3717 name
1494 3669 1548 3717 of
1583 3671 1744 3716 terror
1764 3680 1863 3717 Aa).
1885 3667 1949 3715 43
1972 3680 2028 3714 so
2049 3664 2163 3714 that
2183 3665 2275 3714 tho
2313 3668 2493 3727 troops
2511 3666 2560 3715 oi

498 3731 659 3779 Aulus
694 3731 927 3780 Plautius
962 3734 1153 3781 DCass.
1189 3747 1255 3781 Lx
1292 3735 1352 3783 19
1392 3737 1419 3793 5
1455 3735 1485 3781 2
1524 3734 1587 3783 ὡς
1624 3735 1713 3792 ἔξω
1753 3734 1839 3792 τῆς
1882 3732 2151 3789 οἰκουμένης
2195 3733 2561 3789 στρατεύσοντες

499 3796 813 3855 ἠγανάκτουν.
881 3796 943 3846 cf.
982 3796 1069 3845 tho
1106 3798 1269 3846 words
1297 3798 1354 3845 oi
1391 3796 1657 3846 Bunduica
1695 3794 1975 3860 (Boadioea)
2011 3807 2122 3843 ΒΣΗ
2158 3793 2191 3841 4
2217 3797 2244 3855 5
2267 3794 2298 3841 2
2341 3800 2355 3824 ‘
2373 3792 2562 3857 having
