2725 4317
175 252 500 315 142-14'71
745 250 896 303 MAN
941 249 1244 301 HUMANE
1290 249 1434 300 Am>
1476 248 1725 299 EREGT.
2095 255 2102 261 ·
2113 256 2205 325 39
2212 253 2254 325 3

176 398 381 459 putat.
446 396 510 446 95
531 398 558 457 5
580 394 642 444 51
663 411 786 459 quae
809 395 982 444 damus
1005 402 1272 459 praecepta
1291 398 1313 443 5
1374 401 1438 443 ut
1462 402 1704 457 parcatur
1735 395 1973 455 sanquini
2006 394 2215 443 humano
2231 398 2253 443 5

179 461 480 523 quantulum
499 467 573 509 est
592 461 642 508 ei
661 468 760 508 non
779 474 964 521 nocere,
989 462 1073 508 cui
1105 461 1279 508 debeas
1298 460 1560 521 prodesse!
1601 474 1781 521 maqna
1807 459 1999 507 scilicet
2019 460 2129 507 laus
2161 466 2251 516 est,

178 528 228 573 si
251 526 392 573 homo
411 530 690 573 mansuetus
713 526 898 573 homini
921 530 1004 575 est.
1065 525 1426 585 praecipiemus
1447 530 1503 570 ut
1525 526 1772 584 naufraqo
1792 536 1987 569 manum
2001 524 2245 584 porr-ipat,

179 590 376 636 erranti
395 590 532 635 viam
550 594 798 644 monstret,
821 602 930 635 cum
950 590 1194 635 esuriente
1207 600 1389 648 panem
1408 602 1547 633 suum
1576 588 1776 633 dividat
1790 590 1867 635 3...
1894 590 1920 646 5
1947 586 2007 633 52
2042 588 2252 635 membra

179 666 348 699 sumus
380 654 596 713 corporis
629 652 814 711 maqni.
879 658 1066 700 natura
1101 666 1190 698 nos
1219 656 1448 709 coquatos
1482 651 1660 707 edidit,
1683 665 1793 698 cum
1825 664 1885 698 ex
1922 651 2077 697 isdem
2108 657 2159 698 et
2193 652 2253 700 in

179 717 353 763 eadem
371 718 611 775 gigneret.
679 717 798 763 haec
828 717 968 763 nobis
1007 729 1216 762 amorem
1250 714 1441 763 indidit
1475 721 1696 761 mutuum
1716 720 1765 761 et
1784 715 2044 762 sociabiles
2054 715 2241 775 fecit...

179 784 208 841 5
242 780 308 827 53
349 782 438 827 ille
479 793 646 826 versus
680 785 728 826 et
769 780 827 826 in
861 786 1057 840 pectore
1089 785 1139 826 et
1175 779 1232 826 in
1267 792 1350 825 ore
1387 778 1483 824 sit:
1533 776 1938 838 home...puto.
1988 779 2248 825 habeamus

179 847 240 890 in
272 857 531 902 commune,
573 843 704 903 quod
735 845 846 891 nati
883 857 1062 890 sumus.
1127 844 1334 889 societas
1365 847 1536 889 nostra
1570 842 1793 903 lapidum
1812 842 2144 903 fornicationi
2180 844 2247 889 si-

179 908 398 953 millima
443 914 532 964 est,
587 920 712 967 quae
761 921 956 967 casura,
1004 907 1108 953 nisi
1150 908 1363 954 invicem
1405 906 1635 959 obstaret,
1683 906 1770 952 hoc
1814 907 1922 965 ipso
1958 908 2245 954 sustinetur.

179 970 251 1017 id.
279 968 342 1017 de
373 968 453 1017 irs.
481 983 525 1016 11
547 971 609 1017 31
632 972 658 1029 5
681 970 712 1018 6
739 970 872 1017 illud
905 976 1021 1017 ante
1047 971 1213 1017 omnia
1242 970 1425 1028 cogita,
1449 969 1653 1028 foedam
1694 982 1793 1016 esse
1822 974 1873 1015 et
1905 971 2247 1017 exsecrabilem

177 1036 286 1081 vim
312 1034 519 1081 nocendi
557 1040 605 1080 et
647 1034 1002 1081 alienissimam
1041 1034 1243 1092 homini,
1286 1033 1429 1079 cuius
1469 1033 1696 1093 beneficio
1740 1034 1892 1080 etiam
1930 1046 2081 1080 saeva
2110 1047 2247 1081 man-

179 1104 412 1145 suescunt
447 1132 460 1145 .
496 1130 509 1144 .
543 1132 558 1147 .
597 1100 623 1156 5
655 1099 684 1146 7
717 1099 858 1159 nefas
901 1104 974 1145 est
1007 1112 1180 1145 nocere
1210 1098 1414 1159 patriae
1435 1113 1452 1145 .-
1497 1111 1611 1157 erqo
1644 1097 1745 1143 civi
1777 1110 1982 1157 quoque,
2014 1110 2131 1143 nam
2163 1098 2245 1145 hic

171 1176 300 1223 pars
337 1162 544 1222 patriae
595 1168 682 1208 est.
759 1168 963 1209 sanctae
1000 1167 1172 1222 partes
1215 1166 1343 1219 sunt,
1393 1162 1441 1207 si
1492 1162 1775 1209 universum
1824 1161 2102 1209 venerabile
2134 1158 2243 1210 est.

179 1238 296 1285 erqo
329 1232 379 1272 et
411 1224 612 1283 homini,
660 1240 777 1273 nam
812 1226 892 1273 hic
935 1227 994 1272 in
1029 1226 1214 1273 maim-e
1255 1226 1349 1271 tibi
1386 1225 1504 1272 urbe
1536 1225 1661 1272 civis
1694 1231 1781 1272 est.
1847 1225 1971 1285 quid
1997 1225 2043 1271 si
2074 1238 2245 1272 nocere

178 1290 341 1336 velint
389 1303 562 1336 manus
612 1290 860 1351 pedibus?
915 1290 1144 1336 manibus
1197 1289 1368 1336 oculi!
1417 1295 1475 1336 ut
1528 1290 1694 1337 omnia
1742 1290 1876 1335 inter
1931 1302 1983 1335 se
2034 1290 2248 1335 membra

178 1354 508 1410 consentiunt,
563 1355 686 1414 quia
727 1354 926 1413 sinyula
968 1354 1159 1399 servari
1205 1353 1356 1400 totius
1398 1353 1616 1409 interest,
1660 1354 1738 1399 ita
1782 1354 1997 1401 homines
2036 1354 2246 1412 sinqulis

172 1422 402 1476 parcent,
438 1418 559 1477 quia
592 1417 661 1464 ad
693 1423 879 1464 coetum
903 1418 1062 1475 qeniti
1087 1424 1216 1467 sunt.
1285 1418 1431 1464 salva
1460 1422 1623 1464 autem
1654 1430 1746 1464 esse
1778 1418 1985 1464 societas
2010 1417 2111 1464 nisi
2142 1431 2247 1463 cus·

180 1480 324 1527 todia
357 1487 406 1527 et
437 1494 598 1528 amore
624 1482 850 1541 partium
879 1494 978 1527 non
1003 1486 1179 1540 potest.
1227 1478 1481 1529 Wetstsin
1514 1494 1580 1527 on
1617 1480 1645 1527 1
1670 1480 1781 1527 Cor.
1806 1480 1866 1527 12
1896 1480 1974 1528 26.
2025 1480 2247 1528 Gataker

180 1558 250 1590 on
273 1543 463 1592 Anton.
490 1557 565 1590 vn
589 1545 665 1591 13.
729 1544 856 1603 Aug.
884 1556 964 1604 sp.
987 1544 1207 1591 155=52
1230 1547 1258 1603 5
1280 1545 1340 1591 14
1363 1543 1605 1607 speaking
1626 1544 1679 1592 of
1706 1544 1879 1606 loving
1904 1544 2045 1591 one's
2076 1543 2247 1603 neigh-

179 1608 310 1655 bour
335 1610 592 1668 proximus
625 1622 740 1655 sane
784 1608 872 1655 hoc
919 1608 1020 1655 ioco
1055 1622 1154 1655 non
1189 1610 1449 1667 sanquinis
1480 1610 1870 1669 propinquitate,
1905 1610 1991 1656 sed
2032 1610 2248 1657 rationis

177 1673 412 1719 societate
425 1672 708 1731 pensandus
729 1678 818 1727 est,
839 1672 897 1719 in
919 1686 1022 1731 qua
1042 1673 1165 1719 socii
1187 1678 1301 1719 sunt
1329 1684 1487 1719 omnes
1510 1672 1735 1721 homines.
1806 1687 1921 1719 nam
1940 1674 1987 1720 si
2000 1674 2247 1733 pecuniae

177 1737 312 1782 ratio
333 1738 487 1783 socios
496 1736 650 1795 facit,
675 1740 858 1795 quanto
877 1736 1035 1794 maqis
1055 1736 1188 1783 ratio
1209 1742 1438 1791 naturae,
1461 1749 1559 1781 non
1579 1736 1887 1794 neyotiandi‚
1909 1736 1997 1782 sed
2015 1736 2247 1783 nascendi

181 1800 284 1858 leqe
319 1798 618 1846 communis!
650 1800 774 1846 hinc
804 1806 852 1845 et
892 1800 980 1846 ille
1013 1800 1221 1846 comicus
1257 1801 1407 1858 (sicut
1445 1800 1705 1846 luculentis
1741 1801 1955 1858 inqeniis
1992 1814 2092 1847 non
2128 1801 2247 1860 defit

177 1862 545 1924 resplendentia
581 1860 848 1925 veritatis),
881 1876 992 1910 cum
1029 1864 1090 1909 ab
1119 1876 1218 1910 uno
1251 1876 1361 1909 sene
1393 1863 1544 1909 alteri
1580 1863 1689 1909 seni
1721 1863 1907 1909 dictum
1934 1870 2245 1923 componeret,

181 1934 192 1955 ‘
209 1932 463 1973 tantumne
500 1928 562 1973 ab
593 1941 646 1974 re
681 1934 768 1973 tua
801 1932 874 1973 est
905 1928 979 1973 oti
1014 1927 1121 1985 tibi,
1193 1927 1362 1973 aliena
1403 1932 1461 1973 ut
1503 1940 1641 1975 cures
1684 1940 1756 1985 ea,
1804 1940 1927 1986 quae
1968 1928 2047 1973 nil
2089 1927 2155 1973 ad
2200 1932 2245 1975 te

175 1992 398 2037 attinent
417 1988 454 2036 β’
495 2004 776 2050 responsum
796 1992 860 2037 ab
889 1991 1046 2037 altero
1078 2003 1132 2038 re
1168 1991 1327 2037 didit.-
1359 1987 1829 2050 ‘h0m0...put0.’
1872 1990 1955 2037 cui
1976 1992 2245 2037 sententiae

167 2056 346 2117 ses-unt
367 2056 518 2101 etiam
542 2056 736 2101 theatra
760 2060 865 2100 tota
881 2054 1037 2113 plena·
1052 2056 1220 2101 stultis
1238 2054 1547 2114 indoctisque
1570 2054 1889 2115 applausisse.
1960 2054 2040 2099 ita
2062 2055 2244 2115 quippe

177 2119 396 2176 omnium
438 2117 666 2177 affectum
709 2119 1015 2165 naturaliter
1058 2120 1232 2177 attiyit
1266 2119 1481 2164 societas
1519 2117 1839 2164 humanorum
1876 2117 2164 2173 animorum,
2188 2124 2244 2165 ut

173 2182 348 2229 nullus
385 2182 462 2227 ibi
505 2182 751 2228 hominum
782 2183 886 2229 nisi
920 2182 1185 2229 cuiuslibet
1221 2178 1433 2228 hominis
1470 2182 1753 2241 proximum
1788 2194 1838 2227 se
1881 2194 1978 2227 esse
2021 2184 2237 2229 sentiret.

174 2244 354 2292 Ambr.
379 2244 464 2291 off.
489 2257 554 2291 111
573 2247 600 2303 5
621 2244 684 2292 45
707 2244 795 2293 fin.
818 2242 996 2291 homo
1016 2247 1288 2305 impaynat,
1312 2246 1401 2305 qui
1422 2242 1581 2292 nihil
1610 2258 1641 2292 a
1677 2258 1741 2293 ss
1773 2242 2040 2292 alienum
2072 2244 2247 2293 debet

173 2307 422 2357 credere
455 2306 745 2368 quidquid.
773 2306 1025 2355 humani
1056 2311 1164 2356 est.

1138 2371 1246 2430 143
1299 2384 1558 2421 mumolum
1597 2385 1695 2419 v111
1738 2371 1816 2422 56.
1910 2371 2029 2422 sen.
2064 2372 2127 2421 ds
2168 2372 2247 2422 iss.

174 2450 219 2484 11
243 2437 276 2483 8
301 2438 328 2495 5
353 2436 385 2482 3
409 2436 496 2483 hoc
519 2442 682 2483 autem
702 2449 801 2483 uno
835 2437 899 2483 ab
931 2432 1299 2483 animalibus
1329 2436 1517 2485 mutis
1551 2437 1805 2497 differunt,
1829 2438 1961 2497 quod
1991 2438 2088 2485 illa
2108 2452 2247 2485 man-

173 2506 408 2548 suescunt
432 2500 696 2556 alentibus,
721 2500 892 2547 horum
911 2501 1074 2547 rabies
1096 2501 1226 2559 ipsos
1249 2514 1282 2547 a
1304 2501 1479 2560 quibus
1501 2507 1575 2548 est
1595 2503 1807 2557 nutrita,
1832 2502 2130 2562 depascitur.
2174 2500 2245 2549 id.

173 2564 244 2611 ad
267 2563 426 2611 Marc.
452 2563 512 2610 12
533 2566 560 2622 5
581 2563 611 2609 2
634 2577 694 2610 ea·
713 2564 828 2610 visu
849 2570 1082 2624 tactuque
1103 2569 1151 2611 et
1169 2564 1355 2612 blanda
1376 2565 1664 2611 adulatione
1685 2566 2007 2613 mutorum.
2073 2563 2142 2614 id.
2166 2580 2245 2626 sp.

175 2628 277 2675 124
309 2630 336 2687 5
375 2626 436 2675 16
474 2625 547 2673 ad
581 2630 751 2674 muta
783 2641 882 2674 non
909 2628 1143 2688 pertinet.
1208 2627 1381 2675 Haase
1422 2626 1527 2675 ind.
1571 2628 1687 2677 Seu.
1744 2627 1953 2687 Quintil.
1990 2641 2012 2677 1
2045 2631 2075 2676 2
2108 2632 2135 2689 5
2166 2631 2244 2678 20.

174 2689 408 2740 Chaleid.
437 2702 620 2737 comm.
645 2689 788 2737 Tim.-
802 2691 898 2737 220
918 2705 968 2751 p.
991 2704 1062 2739 m.
1092 2692 1270 2739 habent
1305 2692 1485 2751 quippe
1518 2694 1670 2739 etiam
1702 2694 1879 2739 muta.
1910 2692 2013 2739 vim
2050 2695 2247 2741 animae

164 2754 525 2819 principalem.
595 2752 1121 2814 Hottinger-Ochsner
1157 2755 1356 2814 eclogas
1396 2755 1496 2804 Cio.
1541 2757 1705 2816 (1828)
1742 2769 1789 2815 p.
1836 2757 1928 2805 177
1965 2755 2061 2804 has
2093 2770 2249 2817 many

173 2832 293 2868 exx.
319 2818 453 2865 from
477 2818 594 2865 Sen.
1234 2818 1344 2875 144
1378 2832 1479 2878 seq.
1508 2818 1608 2868 Cio.
1648 2818 1774 2879 legg.
1813 2822 1881 2879 15
1903 2819 1965 2867 26
1996 2832 2113 2867 nam
2140 2834 2249 2868 cum

171 2888 371 2932 ceteras
427 2883 704 2929 animantes
755 2882 982 2942 [natura]
1035 2881 1284 2930 abiecisset
1331 2883 1400 2929 ad
1434 2890 1649 2943 pastum,
1704 2882 1897 2929 solum
1943 2882 2247 2931 hominem

171 2944 380 2995 erexit
432 2944 504 2993 ad
555 2944 828 3004 caelique
871 2946 1047 3005 quasi
1087 2944 1477 3005 cognationis
1524 2944 1945 3006 domiciliique
1994 2946 2249 3007 pristini

171 3011 578 3069 conspectum
622 3008 928 3060 excitavit.
998 3009 1064 3059 cf.
1088 3007 1158 3057 id.
1175 3024 1229 3057 n.
1252 3008 1302 3057 d.
1326 3023 1369 3055 11
1391 3012 1417 3069 5
1441 3010 1534 3057 140
1554 3010 1751 3057 Davies.
1818 3008 1973 3058 Clem.
1998 3010 2077 3057 Al.
2100 3010 2247 3070 pasd.

175 3087 248 3122 111
285 3076 316 3123 7
351 3075 378 3133 5
412 3074 492 3122 37.
1543 3073 1649 3130 146
1685 3071 1783 3122 Cic.
1807 3071 1936 3133 legg.
1958 3087 1979 3120 1
2000 3076 2025 3132 5
2047 3075 2109 3121 22
2135 3088 2237 3135 seq.

173 3146 428 3186 (3131111311
450 3134 552 3184 Cic.
573 3134 696 3184 ibid.
719 3136 746 3194 5
767 3135 848 3184 24.
914 3136 1064 3183 Tusc.
1089 3150 1110 3182 1
1131 3138 1158 3195 5
1180 3136 1242 3185 65
1267 3150 1371 3196 seq.
1435 3134 1563 3187 Aen.
1586 3150 1640 3184 v1
1662 3138 1851 3186 730—1
1873 3138 2045 3196 iqneus
2062 3152 2113 3185 es
2134 3140 2247 3186 ollis

171 3204 326 3259 viqor
356 3207 403 3247 et
434 3199 722 3248 caelestis
744 3200 912 3259 origo
937 3198 945 3263 Ι
973 3201 1256 3248 seminibus.
1827 3214 2095 3249 Damasum
2118 3201 2247 3251 Stat.

173 3264 277 3313 Th.
304 3276 362 3311 11
383 3263 478 3312 274
503 3264 668 3311 caelo
689 3262 961 3311 demissa
981 3265 1098 3311 lues.
1631 3264 1741 3322 147
1774 3278 1939 3318 raom
1958 3278 2025 3313 m
2045 3278 2249 3313 1111111111

173 3340 494 3377 spzcnmu
533 3328 667 3374 from
711 3328 802 3378 Ov,
845 3342 915 3375 m.
956 3341 978 3374 1
1014 3326 1174 3378 84-6
1215 3341 1507 3389 pronaque
1540 3342 1649 3377 cum
1688 3331 1967 3389 spectent
2003 3331 2251 3378 animalia

173 3398 348 3441 cetera
369 3392 612 3448 terram,
640 3391 648 3455 Ι
678 3406 730 3439 os
747 3392 936 3439 homini
955 3390 1216 3439 sublime
1234 3392 1373 3439 dedit
1395 3392 1747 3457 caelumque
1768 3391 1973 3441 videre
2002 3391 2011 3456 Ι
2035 3394 2185 3441 iussit
2202 3401 2251 3441 et

171 3456 427 3503 erectos
457 3453 530 3501 ad
551 3454 753 3503 sidera
772 3454 993 3503 tollere
1013 3455 1238 3503 vultus.
1303 3454 1434 3502 Xon.
1457 3469 1607 3505 mem.
1637 3470 1659 3503 1
1679 3457 1712 3504 4
1733 3460 1761 3516 5
1782 3456 1841 3503 11
1866 3455 2017 3503 think
2037 3471 2139 3517 you
2159 3462 2252 3505 not

171 3520 296 3569 that
313 3516 407 3565 ⁴she⁴
425 3517 546 3577 gods
567 3532 682 3565 caro
703 3518 782 3565 for
800 3521 952 3565 men?
1015 3522 1064 3567 ol
1085 3520 1273 3582 πρῶτον
1298 3520 1386 3578 μὲν
1420 3521 1591 3577 μόνον
1626 3522 1734 3568 τῶν
1769 3520 1918 3583 ζῴων
1956 3523 2253 3583 ἄνθρωπον

173 3583 358 3644 ὀρθὸν
396 3584 748 3639 ἀνέστησαν·
781 3583 816 3641 ἡ
848 3584 902 3631 δὲ
935 3584 1128 3645 ὀρθότης
1165 3586 1243 3631 καὶ
1270 3585 1478 3645 προορᾶν
1502 3585 1667 3631 πλεῖον
1688 3586 1813 3632 ποιεῖ
1836 3585 2062 3632 δύνασθαι
2084 3588 2160 3633 καὶ
2184 3589 2253 3634 τὰ

170 3648 436 3705 ὕπερθεν
475 3648 698 3705 μᾶλλον
741 3648 1004 3695 θεᾶσθαι.
1070 3645 1278 3696 Aristot.
1329 3650 1459 3707 part.
1500 3661 1585 3696 an.
1619 3661 1676 3696 IV
1707 3648 1768 3695 10
1799 3650 1825 3708 5
1858 3649 1889 3695 8
1922 3661 1969 3707 p·
2011 3648 2104 3697 686
2127 3662 2158 3696 a
2190 3650 2251 3700 27

172 3706 460 3774 ὀρθὸνμέν
480 3712 578 3771 γάρ
600 3712 727 3759 ἐστι
757 3712 925 3768 μόνον
958 3712 1074 3759 τῶν
1105 3709 1256 3770 ,ζῴων
1289 3713 1382 3759 διὰ
1413 3713 1479 3759 τὸ
1509 3715 1615 3772 τὴν
1646 3714 2012 3772 φύσιναύτοῢ
2035 3715 2126 3761 καὶ
2149 3716 2252 3773 τὴν

170 3776 389 3827 οὐσίαν
432 3775 586 3823 eluat
630 3776 811 3823 θείαν·
854 3776 993 3837 ἔργον
1025 3776 1077 3824 δὲ
1106 3776 1191 3822 τοῦ
1234 3776 1479 3824 θειοτάτου
1508 3778 1564 3826 τὸ
1603 3778 1721 3825 νοεῖν
1754 3778 1832 3825 καὶ
1866 3778 2072 3839 φρονεῖν·
2114 3780 2255 3835 τοῦτο
