2725 4317
1446 1236 1640 1311 XIV

602 1544 661 1593 110
683 1559 775 1592 our
797 1558 931 1602 sone,
958 1543 1226 1601 FuscinuS,
1251 1557 1384 1605 grow
1402 1543 1459 1592 in
1479 1542 1589 1592 vice
1611 1557 1668 1592 as
1690 1543 1814 1606 they
1834 1558 1970 1605 grow
1990 1542 2048 1592 in
2069 1557 2236 1605 years,
2267 1544 2361 1594 the
2381 1546 2559 1595 fault
2541 1561 2588 1595 ιε

508 1610 593 1656 too
616 1609 754 1656 often
775 1612 830 1656 to
853 1610 913 1657 bo
941 1607 1156 1668 charged
1179 1622 1246 1655 on
1269 1623 1300 1655 a
1329 1608 1512 1656 father'
1515 1623 1540 1656 s
1568 1609 1851 1669 example(
1835 1609 2083 1673 (1-106).
2152 1609 2288 1657 True
2311 1624 2371 1657 as
2394 1610 2507 1660 this
2539 1612 2585 1659 is

508 1673 832 1734 universally,
859 1674 902 1720 it
924 1673 969 1720 is
991 1676 1126 1719 most
1150 1674 1263 1720 true
1285 1672 1338 1719 of
1366 1672 1587 1728 avarice;
1617 1671 1727 1720 this
1747 1673 1859 1720 vice
1888 1672 2038 1720 alone
2065 1674 2113 1721 is
2141 1672 2445 1721 inculcated
2477 1689 2535 1722 as
2557 1689 2589 1721 a

508 1738 701 1786 virtue:
731 1741 834 1797 yet,
868 1737 911 1785 11
940 1739 1148 1797 parents
1168 1734 1337 1783 would
1357 1737 1451 1783 but
1475 1737 1632 1783 suffer
1658 1735 1835 1797 things
1862 1740 1919 1784 to
1941 1737 2060 1786 take
2081 1737 2221 1784 their
2250 1751 2453 1798 course,
2482 1738 2588 1786 this

510 1802 617 1849 also
640 1801 804 1849 would
827 1816 951 1848 soon
974 1801 1149 1861 spring
1176 1814 1246 1860 up
1274 1800 1328 1847 of
1355 1800 1511 1857 itself‚
1547 1799 1649 1847 and
1678 1801 1841 1847 alarm
1863 1800 1931 1863 by
1947 1801 2020 1850 its
2050 1800 2249 1863 growth
2281 1801 2435 1849 those
2473 1802 2588 1849 who

510 1879 625 1912 now
646 1864 844 1927 blindly
866 1865 968 1913 and
992 1864 1258 1924 suicidally
1278 1865 1438 1911 foster
1456 1864 1501 1911 it
1526 1862 1835 1928 (107—331).

604 1930 682 1976 Of.
709 1929 825 1977 Sen.
850 1930 912 1977 de
933 1929 1010 1976 ira
1033 1943 1074 1976 11
1097 1930 1157 1976 21
1182 1932 1208 1987 ξ
1230 1929 1260 1978 9
1285 1930 1557 1989 pertinebit
1578 1930 1645 1975 ad
1664 1943 1776 1986 rem,
1798 1935 2139 1989 praeceptores
2165 1931 2589 1992 paedaqoyosque

505 1996 677 2055 pueris
702 1995 933 2054 placidos
967 1994 1100 2041 dari.
1171 1994 1413 2053 proximis
1441 1994 1729 2053 adplicatur
1756 2007 1889 2040 omne
1920 1994 2051 2055 quod
2087 2001 2305 2040 tenerum
2337 2001 2412 2041 est
2448 2003 2501 2041 et
2533 1998 2591 2042 in

511 2073 673 2105 eorum
700 2058 1079 2105 similitudinem
1107 2058 1297 2104 crescit.
1362 2059 1614 2103 nutricum
1636 2063 1684 2103 et
1708 2058 2103 2117 paedaqoqorum
2129 2060 2367 2105 rettulere
2388 2073 2510 2106 mox
2531 2061 2589 2106 in

509 2122 892 2170 adulescentiam
913 2136 1079 2169 mores.
1148 2124 1173 2180 ς
1196 2121 1259 2167 10
1288 2121 1424 2180 apud
1444 2120 1703 2167 Platonem
1725 2122 1959 2168 educatus
1978 2135 2107 2181 puer
2127 2136 2238 2169 cum
2259 2122 2329 2168 ad
2342 2130 2588 2182 parentes

508 2188 694 2233 relatus
716 2187 1067 2247 vociferantem
1085 2186 1268 2231 videret
1293 2190 1503 2244 patrem,
1548 2183 1860 2245 ‘numquam'
1894 2186 2064 2245 inquit
2100 2187 2213 2232 ‘hoc
2245 2187 2386 2246 apud
2405 2187 2587 2234 Plato-

508 2264 618 2296 nem
653 2250 797 2297 vidi.'
861 2264 959 2297 non
999 2251 1169 2295 dubito
1203 2251 1327 2308 quin
1357 2249 1509 2295 citius
1538 2256 1732 2308 patrem
1763 2250 1989 2295 imitatus
2018 2251 2086 2296 sit
2117 2264 2268 2310 quam
2297 2250 2583 2297 Ptatonem.

510 2315 534 2370 ἓ
558 2315 616 2359 11
653 2314 814 2361 tenuis
841 2320 956 2360 ante
987 2314 1153 2359 omnia
1189 2314 1349 2360 victus
1380 2318 1428 2358 et
1456 2327 1554 2359 non
1575 2314 1799 2372 pretiosa
1827 2314 1977 2362 vestis
2008 2320 2056 2360 et
2077 2315 2260 2360 similis
2283 2316 2450 2360 cultus
2473 2329 2587 2361 cum

510 2378 829 2437 aequalibus:
868 2392 966 2423 non
999 2378 1244 2423 irascetur
1278 2377 1496 2436 aliquem
1529 2378 1628 2423 sibi
1657 2379 1923 2437 conparari
1956 2391 2097 2440 quem
2127 2379 2189 2424 ab
2220 2379 2374 2423 initio
2404 2379 2582 2424 multis

503 2455 677 2501 parem
703 2442 900 2501 secet-is.
969 2439 1035 2488 ib.
1075 2441 1136 2486 18
1170 2443 1197 2499 fi
1232 2442 1262 2488 2
1301 2442 1527 2487 educatio
1561 2443 1824 2487 maximam
1857 2442 2172 2499 diliyentiam
2199 2442 2581 2502 plurimumque

507 2506 826 2565 profuturam
855 2505 1119 2550 desiderat.
1148 2506 1308 2565 sacile
1347 2510 1421 2550 est
1455 2506 1585 2550 enim
1623 2510 1808 2551 teneros
1844 2506 2005 2551 adhuc
2049 2506 2238 2551 animos
2272 2518 2579 2565 componere,

510 2570 772 2627 ‘difficulter
803 2569 1090 2615 reciduntur
1120 2570 1269 2624 vitia,
1305 2581 1433 2627 quae
1467 2569 1716 2614 nobiscum
1749 2574 2017 2616 creverunt.
2111 2566 2324 2627 Quintil.
2367 2582 2388 2615 1
2421 2570 2453 2614 2
2499 2569 2527 2624 ἓ
2547 2569 2579 2616 6

511 2634 706 2678 utinam
751 2633 1013 2679 liberorum
1055 2638 1328 2678 nostrorum
1380 2646 1534 2678 mores
1588 2646 1686 2678 non
1738 2633 1840 2692 ipsi
1883 2633 2228 2696 perderemus!
2298 2633 2582 2692 infantiam

509 2698 683 2743 statim
741 2697 937 2742 deliciis
996 2697 1243 2743 solvimus.
1325 2697 1489 2742 mollis
1545 2696 1641 2742 illa
1696 2696 1937 2755 educatio,
2006 2710 2155 2756 quam
2206 2696 2581 2754 indulqentiam

507 2775 752 2816 vocamus,
774 2774 946 2807 nervos
969 2774 1130 2807 omnes
1158 2761 1335 2807 mentis
1365 2766 1414 2805 et
1446 2760 1662 2819 corporis
1682 2760 1901 2820 franqit.
1968 2762 2212 2820 quidnon
2229 2760 2436 2806 adultus
2461 2774 2575 2807 con-

509 2826 743 2886 cupiscet,
789 2826 877 2885 qui
923 2826 982 2871 in
1011 2828 1252 2884 purpuris
1290 2824 1456 2883 repit?
1520 2823 1736 2870 nondum
1772 2825 1939 2884 prima
1978 2825 2128 2871 verba
2172 2825 2418 2883 exprimit,
2470 2825 2578 2871 iam

508 2903 699 2936 coccum
720 2890 983 2948 intellegit,
1012 2891 1116 2934 iam
1139 2888 1450 2948 conchylium
1465 2889 1642 2947 poscit.
1710 2890 1736 2945 ἓ
1759 2889 1787 2937 7
1823 2894 1939 2934 ante
1965 2888 2197 2947 palatum
2224 2901 2394 2934 eorum
2422 2901 2575 2948 quam

507 2967 559 2999 os
604 2955 927 3000 instituimus.
993 2953 1051 2999 in
1096 2952 1280 2998 lecticis
1323 2957 1572 2997 crescunt:
1623 2952 1669 2997 si
1716 2958 1897 3011 terram
1939 2952 2229 3010 attiqerunt,
2279 2966 2303 2999 e
2339 2952 2573 2998 manibus

506 3019 750 3077 utrimque
788 3018 1135 3063 sustinentium
1165 3015 1401 3075 pendent.
1464 3015 1748 3073 qaudemus‚
1790 3016 1837 3061 si
1874 3015 1999 3075 quid
2038 3016 2269 3062 licentius
2308 3016 2569 3062 dixerint.-

505 3083 656 3128 verba
683 3096 743 3128 ne
766 3080 1118 3127 Alexandrinis
1148 3079 1344 3139 quidem
1370 3080 1703 3138 permittenda
1735 3080 1931 3128 deliciis
1964 3080 2073 3126 risu
2106 3086 2153 3125 et
2186 3080 2351 3126 osculo
2384 3079 2570 3139 excipi·

506 3159 627 3191 mus.
692 3159 778 3191 nec
805 3147 1007 3191 mirum:
1043 3157 1130 3189 nos
1154 3144 1421 3198 docuimus,
1446 3157 1504 3188 ex
1523 3144 1661 3188 nobis
1685 3143 1969 3189 audierunt.
2034 3145 2061 3201 ξ
2081 3144 2112 3189 8
2144 3150 2339 3189 nostras
2361 3144 2567 3198 amicas,

505 3216 692 3255 nostros
747 3209 1038 3257 concubinos
1093 3207 1279 3266 vident,
1339 3220 1475 3253 omne
1518 3206 1799 3253 convivium
1840 3208 2051 3253 obscenis
2106 3208 2316 3253 canticis
2368 3208 2563 3267 strepit,

498 3274 736 3333 pudenda
768 3274 907 3319 dictu
939 3277 1238 3332 spectantur.
1298 3270 1370 3331 fit
1400 3284 1459 3317 ex
1494 3270 1571 3316 his
1600 3271 1909 3328 consuetudo,
1949 3270 2067 3316 inde
2096 3277 2298 3317 natura.
2367 3270 2568 3317 discunt

507 3338 624 3383 haec
655 3338 821 3383 miseri
853 3342 1118 3395 antequam
1143 3336 1305 3381 sciant
1335 3336 1465 3381 vitia
1495 3348 1623 3380 esse
1618 3350 1628 3361 ·
1665 3335 1781 3380 inde
1799 3336 1954 3380 soluti
1978 3347 2037 3380 ac
2055 3334 2269 3393 fluentes
2297 3348 2402 3381 non
2432 3334 2564 3381 acci-

500 3402 649 3460 piunt
678 3414 703 3447 e
725 3401 904 3447 scholis
927 3400 1061 3445 mala
1081 3400 1198 3458 ista,
1230 3398 1317 3444 sed
1337 3400 1395 3444 in
1415 3398 1603 3444 scholas
1626 3398 1872 3459 adserunt.
1944 3396 2304 3456 P1ut.puer0r.
2330 3397 2475 3446 educ.
2504 3398 2568 3443 20

505 3467 595 3523 πρὸ
628 3466 820 3511 πάντων
851 3466 949 3524 γὰρ
980 3464 1051 3510 δεῖ
1081 3464 1188 3511 τοὺς
1221 3464 1429 3522 πατέρας
1460 3461 1531 3521 τῷ
1559 3463 1701 3519 μηδὲν
1730 3461 2028 3523 ἁμαρτάνειν,
2061 3463 2192 3509 ἀλλὰ
2213 3464 2393 3517 πάντα,
2418 3464 2450 3509 ἃ.
2478 3463 2564 3516 δεῖ,

503 3529 740 3587 πράττειν,
782 3530 978 3587 ἐναργὲς
1016 3527 1206 3574 ἑαυτοὺς
1243 3529 1549 3586 παράδειγμα
1584 3528 1682 3573 τοῖς
1715 3528 1890 3574 τέκνοις
1927 3528 2171 3586 παρέχειν,
2213 3527 2293 3572 ἵνα
2328 3523 2445 3583 πρὸς
2477 3522 2564 3571 τὸν

502 3595 681 3638 τούτων
723 3593 830 3652 βίον
872 3608 1033 3652 ωσπερ
1076 3592 1342 3650 κάτοπτρον
1392 3590 1746 3652 ἀποβλέποντες
1791 3592 2155 3650 ἀποτρέπωνται
2195 3590 2291 3636 τῶν
2343 3588 2565 3650 αἰσχρῶν
2695 3611 2696 3660 ¹

502 3657 653 3714 ἔργων
694 3658 772 3703 καὶ
816 3656 987 3715 λόγων.
1059 3654 1119 3702 ὡς
1162 3655 1340 3710 οἵτινες,
1386 3656 1483 3701 τοῖς
1528 3653 1872 3713 ἁμαρτάνουσιν
1916 3654 2028 3702 υἱοῖς
2079 3654 2402 3712 ἐπιτιμῶντες,
2459 3654 2563 3701 τοῖς
2695 3663 2696 3690 ¹

500 3720 657 3766 αὐτοῖς
679 3719 985 3779 ἁμαρτήμασι
1006 3719 1385 3796 περιπίπτουσιν,
1414 3720 1495 3765 ἐπὶ
1522 3714 1593 3776 τῷ
1620 3719 1806 3765 ἐκείνων
1828 3719 2021 3773 ὀνόματι
2049 3720 2357 3765 λανθάνουσιν
2379 3717 2564 3765 ἑαυτῶν

503 3783 757 3842 κατήγοροι
778 3783 1064 3842 γιγνόμενοι.
1133 3784 1177 3828 ol
1207 3779 1245 3829 δ’
1269 3784 1389 3830 ὅλως
1418 3784 1606 3841 φαύλως
1636 3779 1801 3838 ζῶντες
1831 3784 1936 3829 οὐδὲ
1964 3784 2060 3831 τοῖς
2083 3783 2262 3831 δούλοις
2284 3781 2560 3844 παρρησίαν
