2725 4317
534 232 624 295 xii
1117 248 1280 297 VITA
1321 250 1385 296 D.
1433 250 1589 297 IUNI
1634 249 2005 297 IUVENALIS

615 409 818 452 senon.
842 410 866 451 1
890 394 918 451 1
991 393 1336 451 Iuvenalem
1363 393 1548 471 aliqui
1579 394 1815 451 Gallum
1844 401 2085 471 propter
2111 396 2366 472 corporis
2394 397 2609 473 magni-

532 486 818 558 tudinem,
869 487 1055 564 aliqui
1096 487 1464 564 Aquinatem
1514 488 1735 546 dicunt.
1838 509 1906 546 ea
1959 495 2225 565 tempora
2277 489 2606 548 Domitiani

531 586 786 659 tyranni,
817 584 1030 661 quibus
1072 585 1250 642 etiam
1293 585 1419 661 ipse
1462 584 1633 655 vixit,
1665 604 1732 641 eo
1775 586 1931 660 quod
1974 586 2039 642 in
2081 585 2216 642 aula
2256 585 2441 661 ipsius
2473 588 2605 662 plus

531 678 842 735 histriones
882 698 1058 755 quam
1085 679 1269 736 bonae
1295 680 1455 736 vitae
1502 679 1767 737 homines
1807 687 2058 755 possent,
2088 681 2347 755 graviter
2372 684 2601 758 carpsit.

531 773 637 830 hos
689 781 886 832 autem
941 775 1120 833 libros
1173 776 1238 832 in
1294 775 1539 832 exilium
1593 775 1804 832 missus
1857 776 1932 831 ad
1986 775 2286 833 civitatem
2332 778 2604 833 ultimam
2626 779 2654 833 5

531 870 793 946 Aegypti
837 871 1084 927 Hoasim
1128 871 1202 927 ab
1250 872 1381 946 ipso·
1417 871 1759 927 Domitiano
1799 872 2047 947 scripsit.
2132 873 2263 929 ideo
2302 881 2500 930 autem
2542 874 2606 931 in

531 970 775 1027 exilium
815 970 1024 1027 missus
1065 978 1169 1040 est,
1213 968 1353 1045 quia
1392 968 1547 1025 dixit
1587 988 1821 1026 versum
1860 968 2031 1026 illum
2074 965 2185 1049 [vu
2217 967 2316 1049 90]

927 1096 1084 1174 quod
1123 1114 1262 1159 non,
1283 1094 1429 1154 dant
1467 1112 1747 1170 proceres,
1791 1094 1955 1154 dabit
1993 1094 2221 1155 histrio,

650 1240 853 1282 senon.
887 1240 950 1279 1v
985 1224 1060 1279 38
1115 1222 1224 1279 hoc
1258 1222 1583 1279 convicium
1616 1222 1681 1280 iu
1720 1222 1994 1280 Flavium
2036 1224 2444 1281 Domitianum
2484 1226 2609 1284 Titi

537 1319 771 1375 fratrem
815 1318 1166 1393 Vespasiani
1210 1318 1401 1377 filium
1443 1319 1642 1391 iactat,
1689 1318 1794 1394 qui
1840 1318 2041 1375 calvus
2082 1319 2217 1376 fuit.
2300 1328 2609 1395 propterea
2633 1320 2682 1377 10

533 1413 686 1487 quud
731 1414 1031 1474 Iuvenalis
1084 1414 1195 1470 sub
1249 1414 1439 1488 specie
1492 1413 1728 1471 honoris
1770 1414 2061 1489 relegatus
2104 1424 2194 1472 est
2235 1416 2310 1472 ad
2352 1416 2611 1475 cohortis

533 1529 730 1566 curum
768 1510 833 1565 in
873 1512 1147 1586 Aegypto
1189 1509 1408 1581 Hoasa,
1451 1510 1556 1566 ubi
1593 1516 1861 1570 mortuus
1901 1516 2005 1567 est.

650 1622 854 1665 SCHOL.
895 1623 990 1663 V11
1037 1607 1110 1663 92
1166 1613 1412 1681 propter·
1448 1606 1606 1664 hunc
1650 1626 1885 1666 versum
1928 1608 2141 1664 missus
2185 1614 2274 1665 est
2316 1608 2381 1664 in
2425 1609 2610 1668 exilio

533 1727 562 1755 ει
609 1701 861 1759 [Πειαάἰο
890 1702 1143 1759 Nerone.

651 1816 852 1856 SCHOL.
898 1815 980 1856 xv
1037 1800 1110 1856 27
1195 1800 1266 1855 de
1321 1818 1382 1855 se
1438 1799 1581 1855 dicit
1636 1800 1951 1870 IuvenaliS,
2014 1802 2153 1875 quia
2206 1801 2269 1856 in
2325 1801 2608 1878 Aegypto
2638 1815 2682 1871 15

537 1898 780 1952 militem
819 1896 1030 1954 tenuib-

649 2010 849 2051 IOANN.
877 1988 1158 2050 MA'LALAE
1186 2009 1406 2055 οῌΒοΝ.
1434 2008 1474 2048 x
1507 2012 1545 2067 p
1576 1992 1685 2048 341
1715 1991 1924 2049 Chilm.
1952 1990 1983 2049 ὁ
2012 1990 2069 2049 δὲ
2098 1989 2282 2071 [αὐτός
2306 1992 2608 2075 βασιλεῦς]

533 2088 869 2163 ὲῡμὲτιανός
906 2090 1089 2165 ἐφίλει
1113 2088 1212 2171 τᾶν
1239 2087 1525 2167 ὀρχηστήν
1549 2092 1650 2147 τοῦ
1683 2088 1958 2165 πρασίνου
1988 2089 2187 2164 μέρους
2216 2087 2338 2169 [τῆς
2362 2088 2610 2173 Ῥώμης]

529 2211 625 2243 των
650 2185 949 2264 λεγόμενον
976 2185 1214 2260 Πάριδα,
1240 2186 1371 2262 περὶ
1399 2181 1464 2242 οὗ
1506 2185 1597 2243 καὶ
1636 2184 1968 2260 ἐλοιδορεῖτο
2004 2182 2115 2243 dvx-<3
2148 2189 2249 2260 τῆς
2282 2186 2614 2266 συγκλήτου

537 2277 790 2357 ΓΡῶμης]
821 2279 912 2335 καὶ
946 2276 1325 2352 Ἰουβεναλίου
1351 2282 1452 2335 τοῦ
1485 2281 1717 2351 ποιητοῦ
1748 2276 1871 2358 [τοῦ
1898 2276 2170 2353 Ῥωμαίου
2202 2277 2272 2341 ὦς
2297 2280 2505 2356 χαίρων
2538 2285 2617 2345 εἷς
2639 2294 2688 2351 20

533 2379 593 2431 τί,
637 2372 946 2452 πράσινον]
1038 2372 1195 2435 ὅστις
1235 2372 1513 2448 βασιλευς
1555 2373 1780 2448 ἐξώρισε
1821 2373 1923 2433 τόν
1969 2371 2178 2455 [avia-dv]
2211 2374 2616 2451 -Ἰουβενάλιον

533 2467 650 2547 [τὸν
688 2465 946 2546 ποιητὴν]
991 2470 1048 2524 ἐν
1088 2466 1442 2525 Πενταπόλει
1481 2468 1572 2525 ἐπὶ
1610 2466 1713 2542 τήν
1750 2468 1990 2546 Λιβύην.
2693 2452 2699 2479 ⁶

649 2580 860 2621 SUIDAS
886 2561 1260 2637 Ἰουβενάλιος
1285 2563 1517 2638 ποιητής
1542 2562 1822 2639 Ῥωμαῖος.
1857 2563 2016 2628 οὗτος
2046 2563 2115 2640 ἦν
2142 2564 2234 2623 ἐπὶ
2261 2571 2617 2641 Δομετιανοῦ
2693 2645 2694 2648 ¹

529 2660 810 2735 βασιλέως
851 2658 1143 2735 Ῥωμαίων.
1189 2658 1221 2717 ὁ
1265 2658 1628 2736 δὲῃ-Λιβύην
1674 2660 1922 2739 (omissis
1968 2682 2112 2737 quae
2154 2664 2321 2721 uncis
2372 2664 2618 2725 inclusa

529 2783 593 2815 sss
605 2757 711 2837 ut).-
2641 2753 2695 2839 ξζόΙ

649 2966 973 3007 MARTIAms
995 2968 1090 3008 *vn
1121 2952 1197 3008 24

765 3063 912 3126 Cum
955 3065 1238 3124 Iuvenale
1278 3084 1408 3126 mco
1449 3084 1597 3141 quac
1638 3084 1729 3121 me
1771 3066 2133 3123 committere
2172 3073 2442 3143 temptaS,

852 3164 995 3240 quid
1035 3184 1158 3221 non
1196 3164 1455 3235 audebis,
1498 3163 1719 3239 perfida
1758 3162 1973 3237 lingua,
2022 3163 2216 3237 loqui?

761 3269 822 3319 te
862 3263 1119 3336 fingente
1157 3261 1320 3317 nefas
1361 3259 1627 3334 Pyladen
1668 3259 1886 3316 odisset
1927 3260 2175 3331 Orestes,
2693 3337 2694 3340 Ἴ

841 3359 1059 3415 Thesea
1099 3357 1353 3413 Pirithoi
1392 3356 1755 3413 destituisset
1792 3375 1969 3428 amor,
2267 3355 2270 3358 ’
2650 3384 2699 3444 3OE

763 3461 832 3510 tu
876 3454 1100 3511 Siculos
1141 3454 1351 3512 fratres
1392 3459 1453 3508 et
1492 3452 1682 3509 maius
1720 3471 1933 3509 nomen
1973 3453 2222 3509 Atridas
2693 3450 2694 3454 ’

843 3556 903 3605 et
943 3550 1134 3605 Ledae
1175 3556 1405 3624 poteras
1446 3547 1751 3603 dissociare
1790 3566 1988 3623 genus,

762 3647 869 3702 hoc
909 3646 1022 3702 tibi
1055 3665 1165 3724 pro
1207 3643 1433 3702 meritis
1455 3649 1533 3718 ‚et
1573 3644 1790 3701 talibus
1830 3645 2097 3721 inprecor
2136 3645 2307 3717 ausiS,
2689 3661 2699 3732 1

841 3748 910 3797 ut
949 3742 1124 3798 facias
1165 3742 1327 3812 illud,
1374 3740 1528 3815 quod
1566 3746 1727 3815 puto,
1771 3740 1988 3817 lingua,
2033 3739 2191 3797 facis,
