2725 4317
109 297 371 361 91—94]
493 299 819 350 FABRICII.
886 301 1159 349 OCEANO
1184 299 1501 348 ‘FLUcTtL
1541 301 1546 306 “
1569 299 1908 350 ΤΕΒΤΠΒΟ.
2088 293 2119 356 '1
2135 305 2229 376 97

122 442 325 502 father,
348 441 507 506 urged
526 442 585 491 in
604 443 901 504 mitigation
922 442 1229 491 nobilitas
1252 449 1301 491 et
1312 445 1492 491 merita
1508 445 1762 492 maiorum.
1813 442 1897 492 On
1912 442 2002 491 the
2019 444 2220 504 generis
2291 467 2296 478 ι

123 509 269 576 plur.
302 508 369 556 cf.
395 521 417 556 1
454 509 547 556 109
569 522 623 555 n.
646 522 698 568 p.
725 508 837 556 140.
896 507 1091 568 1313361
1122 507 1243 555 hist.
1268 507 1456 568 Synt.§
1479 507 1509 556 6
1531 507 1581 556 b.
1625 507 1769 556 Neue
1801 507 1844 554 1²
1880 509 2046 556 394-5.
2113 508 2217 558 Cic.

124 588 183 632 p.
202 571 345 620 Cael.
362 575 389 632 ἓ
403 573 466 621 39
486 571 531 619 if
551 571 696 620 there
718 572 765 620 is
780 587 811 620 a
832 571 997 634 youth
1012 571 1251 632 scorning
1264 570 1487 630 delights
1503 570 1607 618 and
1621 571 1784 631 living
1798 571 2052 620 laborious
2075 571 2215 634 days,

124 637 201 684 he
235 635 283 683 is
305 635 536 696 divinely
566 635 819 685 endowed.
888 651 949 684 ex
984 637 1072 684 boc
1102 650 1277 695 genere
1308 637 1426 684 illos
1455 636 1618 697 fuisse
1650 637 1868 684 arbitror
1905 635 2218 694 Camillos,

124 699 475 759 Fabricios,
504 699 721 748 Curios
744 701 995 761 omnisque
1012 715 1107 756 eos,
1122 701 1211 760 qui
1230 701 1349 746 haec
1366 713 1427 746 ex
1439 700 1656 746 minimis
1675 706 1820 747 tanta
1830 701 2077 762 fecerunt.
2111 705 2138 762 ἓ
2155 701 2220 749 40

126 779 307 813 verum
330 765 449 812 haec
468 779 651 824 ,qenera
670 767 912 812 virtumm
932 779 1032 812 non
1052 765 1209 811 solum
1240 765 1297 810 in
1328 764 1540 810 moribus
1571 765 1768 823 nostrie,
1795 765 1882 810 sed
1909 766 1998 811 vix
2026 766 2131 812 iam
2161 766 2221 814 in

128 830 283 876 libris
308 831 641 890 reperiuntur.
686 827 820 876 Plin.
836 841 955 888 pan.
975 829 1034 875 13
1057 826 1388 875 Fabricios
1409 833 1457 874 et
1481 826 1806 888 Scipiones
1829 833 1877 874 et
1899 827 2215 876 Camillos.

127 895 197 941 55
242 894 478 940 visuntur
518 893 688 940 eadem
723 908 748 940 e
792 893 1005 939 materia
1050 892 1277 940 Caesaris
1319 897 1532 949 statuae,
1578 905 1681 951 qua
1722 891 2075 950 Brutorum,
2117 908 2218 954 qua

2279 535 2292 700 ἐ

2279 701 2296 895 *1

128 955 566 1004 Camillorum.
630 955 742 1004 The
783 955 965 1016 family
996 969 1099 1003 was
1134 955 1329 1002 extinct
1364 955 1482 1004 sen.
1521 968 1657 1002 suae.
1691 955 1721 1001 2
1754 958 1780 1014 ς
1814 957 1876 1001 22
1923 955 2218 1003 Scaurum
2299 964 2303 974 '

126 1022 439 1068 Mamercum
475 1021 535 1068 in
572 1034 669 1082 quo
716 1019 1084 1068 Scaurorum
1127 1018 1377 1066 familia
1419 1018 1697 1066 extincta
1739 1021 1847 1067 est.
1917 1019 2032 1067 Tac.
2066 1033 2121 1066 vr
2154 1022 2216 1070 29
2304 1007 2320 1073 ²¹,

128 1086 418 1132 Mamercus
450 1085 568 1132 dein
602 1084 869 1133 Scaurus
899 1097 1095 1131 rursum
1124 1083 1430 1144 postulatur,
1479 1082 1756 1142 insignis
1794 1082 2133 1130 nobilitate
2167 1091 2217 1132 et
2316 1084 2327 1105 ¹

126 1149 341 1196 orandis
374 1151 555 1205 causis,
588 1149 697 1196 vita
718 1147 1280 1209 probrosus...Scaums‚
1313 1153 1374 1194 ut
1407 1147 1612 1205 diqnum
1654 1147 1980 1194 veteribus
2011 1146 2215 1195 Aemi-

127 1211 263 1268 liis,
296 1213 665 1262 damnationem
697 1213 895 1261 anteiit.
970 1211 1090 1260 Sen.
1112 1211 1229 1258 ben.
1254 1225 1309 1258 rv
1337 1211 1399 1258 31
1446 1214 1500 1272 §5
1532 1211 1659 1258 3—5
1696 1224 1766 1258 on
1803 1210 1893 1258 the
1927 1210 2128 1272 infamy
2163 1212 2217 1259 oi

128 1275 243 1323 this
270 1275 510 1324 Scaurus,
1953 1288 2214 1323 numeros

130 1353 179 1387 11
219 1338 405 1389 154.1x
438 1339 530 1387 141
570 1338 664 1386 142
700 1340 897 1400 arqenti
928 1340 1136 1387 vascula
1157 1339 1298 1400 puri,
1326 1335 1337 1402 ῐ
1362 1339 1452 1386 sed
1485 1353 1612 1398 quae
1639 1337 1968 1386 Fabricius
2001 1352 2216 1387 censor

128 1405 331 1450 notet.
397 1402 454 1450 C.
477 1402 745 1451 Fabricius
766 1402 1033 1461 Luscinus,
1059 1415 1200 1450 cons,
1224 1415 1319 1450 n.c.
1344 1403 1438 1449 282
1462 1401 1563 1450 and
1597 1404 1708 1460 278,
1733 1402 1790 1450 in
1812 1402 1896 1450 his
1920 1402 2215 1464 censorship

130 1479 231 1517 ac.
263 1467 361 1516 275
381 1465 619 1514 removed
650 1466 785 1514 from
816 1466 906 1514 the
939 1469 1115 1514 senate
1150 1467 1201 1514 P.
1238 1466 1504 1514 Cornelius
1525 1466 1761 1526 Rufinus,
1801 1467 1880 1514 ior
1917 1467 2211 1528 possessing

128 1535 229 1579 ten
249 1529 455 1592 pounds
478 1530 532 1579 ol
552 1529 707 1578 silvcr
724 1530 863 1590 plate
888 1530 1012 1591 (Liv.
1034 1529 1273 1590 periocha
1298 1530 1375 1577 14.
1421 1530 1557 1577 Plut.
1579 1530 1702 1580 Suu,
1727 1531 1768 1580 1.
1823 1531 1938 1579 Sen.
1963 1531 2054 1579 vit.
2078 1531 2214 1579 beat.

132 1595 199 1642 21
224 1595 324 1654 §3-
377 1594 601 1643 Salvian.
636 1593 699 1641 de
731 1593 848 1656 gub.
872 1593 968 1642 Dei
999 1609 1022 1640 1
1049 1608 1099 1653 p.
1136 1595 1199 1641 10
1229 1594 1406 1642 Balur..
1457 1594 1574 1642 Sen.
1609 1597 1772 1642 contr.
1807 1595 1838 1644 9
1875 1597 1901 1654 ἕ
1930 1597 1961 1643 8
1993 1597 2081 1644 hoc
2113 1599 2215 1644 scio

130 1665 331 1708 nostros
361 1659 557 1721 fuqisse
600 1659 983 1715 maiores,...hoc
1016 1657 1378 1705 Fabricium
1413 1658 1716 1707 Samnitium
1753 1675 1854 1708 non
1889 1661 2216 1721 accipientem

131 1723 369 1780 munera,
394 1723 481 1770 hoc
504 1729 685 1773 ceteros
707 1729 881 1784 patres
912 1729 1117 1780 nostros,
1156 1737 1275 1782 quos
1308 1721 1466 1782 apud
1498 1725 1703 1770 aratra
1733 1722 1868 1784 ipsa
1900 1723 2215 1772 minantes

130 1800 367 1848 pecora
389 1801 501 1834 sua
522 1785 1073 1834 circumsteterunt
1099 1785 1372 1835 lictores.
1443 1785 1511 1833 ib.
1535 1786 1588 1845 §g
1612 1787 1671 1837 17
1695 1787 1774 1834 18.
1839 1787 1974 1834 Plin.
1997 1800 2051 1835 rx
2071 1791 2098 1848 ς
2121 1789 2215 1836 118

133 1851 399 1900 contrasts
422 1849 513 1898 the
537 1849 707 1912 jewels
730 1849 784 1896 oi
814 1849 981 1897 Lollia
1016 1849 1245 1910 Paulina,
1272 1849 1363 1897 the
1397 1849 1554 1911 spoils
1588 1851 1642 1896 os
1672 1849 1952 1910 provinces,
1975 1851 2100 1898 with
2121 1851 2212 1899 the

132 1913 226 1962 old
246 1912 516 1978 frugality:
550 1921 795 1974 comparet
815 1928 947 1961 nunc
968 1915 1158 1974 aliquis
1180 1929 1239 1962 ex
1260 1915 1424 1962 altera
1443 1920 1587 1974 parte
1610 1921 1852 1975 quantum
1873 1915 2094 1962 Curius
2117 1923 2209 1963 aut

131 1977 463 2026 Fabricius
479 1981 539 2026 in
564 1979 825 2038 triumphis
845 1980 1052 2026 tulerint
1059 1996 1078 2034 ,-
1096 1979 1400 2038 imayinetur
1413 1980 1615 2025 illorum
1617 1979 1836 2040 fercula.
1892 1991 2053 2025 mm
2075 1982 2102 2039 ς
2120 1981 2213 2028 153

131 2041 489 2099 Fabricius,
524 2041 627 2102 qui
660 2041 997 2090 bellicosos
1030 2041 1444 2103 imperatores
1478 2042 1618 2101 plus
1656 2055 1834 2101 quam
1856 2045 2132 2102 pateram
2155 2045 2212 2090 et

134 2107 416 2155 salinum
438 2105 661 2154 habere
682 2119 751 2153 ex
781 2107 1037 2166 argento
1062 2105 1325 2162 vetabat,
1349 2107 1540 2153 videret
1565 2107 1679 2154 hinc
1703 2107 1833 2154 dona
1856 2106 2072 2168 sortium
2090 2109 2215 2168 fieri

133 2177 232 2219 aut
270 2172 329 2217 in
368 2171 489 2218 haec
522 2171 719 2233 sranqi.
788 2171 883 2232 heu
912 2184 1082 2228 mores,
1118 2171 1347 2218 Fabricii
1383 2185 1470 2217 nos
1499 2169 1690 2231 pudet!
1759 2170 1889 2219 Gell.
1939 2183 1993 2217 1v
2034 2173 2067 2219 8
2101 2170 2213 2234 [the

134 2234 357 2294 chapter
377 2236 535 2281 treats
558 2233 613 2280 oi
628 2231 939 2294 Fabricius}
1010 2247 1119 2281 xv11
1141 2234 1204 2281 21
1232 2237 1259 2294 5
1292 2235 1369 2282 39.
1399 2233 1515 2281 VM.
1539 2245 1582 2280 11
1604 2234 1634 2283 9
1657 2237 1683 2294 5
1705 2234 1738 2280 4
1770 2233 1882 2296 [the
1913 2233 2122 2294 chapter
2154 2237 2214 2283 de

135 2299 363 2346 censoria
398 2299 555 2360 notaJ.
594 2297 728 2346 Tert.
752 2298 884 2357 apol.
915 2298 980 2357 6).
1031 2298 1157 2359 Aug.
1178 2312 1220 2345 c.
1237 2297 1422 2346 Iulian.
1447 2311 1501 2345 1v
1528 2299 1633 2357 §17
1657 2297 1770 2346 who
1801 2298 1894 2346 but
1922 2312 1953 2346 a
1976 2299 2214 2360 Pelagian

134 2362 245 2409 will
278 2361 393 2421 give
424 2361 515 2408 the
546 2375 699 2408 name
726 2362 779 2408 oi
810 2361 916 2421 just
952 2365 1006 2409 to
1042 2377 1110 2410 an
1140 2359 1353 2410 infidel?
1415 2363 1486 2410 sit
1508 2363 1623 2410 licet
1651 2364 1740 2411 ille
1773 2362 2112 2421 FabriciuS,
2145 2366 2217 2411 sit

138 2429 261 2474 licet
295 2424 542 2482 Fabius,
578 2428 647 2473 sit
682 2426 801 2473 licet
832 2427 1022 2486 Scipio,
1054 2428 1125 2474 sit
1158 2427 1277 2474 licet
1307 2428 1544 2486 Reyuluc,
1578 2441 1782 2488 quorum
1813 2441 1888 2476 me
1918 2429 2214 2488 nominibus,

138 2497 397 2551 tamquam
426 2491 486 2538 in
518 2491 734 2550 antiqua
760 2490 988 2538 Romana
1024 2492 1167 2538 curia
1201 2492 1521 2552 loqueremur,
1548 2493 1746 2552 putasti
1779 2505 1877 2540 esse
1917 2494 2210 2542 terrendum.

844 2553 917 2610 92
952 2567 1177 2602 001.ch
1196 2554 1287 2602 the
1308 2568 1516 2601 censors
1541 2555 1610 2604 M.
1633 2554 1811 2602 Livius
1836 2554 2091 2604 Salinator
2113 2556 2216 2604 and

135 2615 195 2666 Ο.
219 2616 470 2668 Claudius
506 2617 642 2664 Nero
678 2630 779 2666 nc.
803 2618 899 2664 204
932 2617 1047 2668 VM.
1079 2632 1122 2665 11
1149 2619 1179 2666 9
1212 2621 1238 2678 §
1270 2619 1301 2668 6
1332 2618 1486 2666 Nero
1519 2621 1576 2666 et
1610 2619 1798 2666 citari
1829 2620 2126 2680 collegam
2163 2623 2216 2668 et

136 2681 669 2793 eguuvaendere
701 2681 1558 2794 ³³⁵⁸it'''tsalin³tt⁰refqu·gqu⁰
1602 2683 1806 2808 {agnem
1838 2683 2214 2800 {nimadvgss-

138 2759 327 2795 sione
417 2758 661 2793 eronem
736 2759 950 2793 ersecu
990 2760 1059 2792 us
1099 2761 1163 2794 es
1200 2781 1213 2794 .
1332 2781 1344 2794 .
1385 2761 1405 2793 1
1439 2783 1452 2796 .
1496 2760 1572 2794 vn
1771 2784 1782 2796 .
1883 2763 1946 2797 1v.
1982 2762 2101 2796 xx11
2200 2785 2212 2797 .

138 2809 343 2856 Becker
354 2823 399 2856 11
415 2810 479 2874 (2)
496 2761 727 2859 216---8.Ρ
745 2809 1034 2857 Mommsen
1051 2809 1265 2858 Staatsr.
1282 2810 1347 2857 11²
1359 2810 1564 2860 363-9.
1927 2811 2003 2870 94
2021 2827 2214 2860 commo

137 2886 347 2921 rnucru
378 2886 443 2920 xv
474 2874 537 2920 23
569 2888 623 2920 n.
677 2888 811 2922 mare
844 2889 1078 2922 oceanum
1106 2888 1243 2924 nom.
1282 2875 1340 2922 in
1371 2874 1567 2934 Ampel.
1591 2888 1612 2921 1
1647 2877 1694 2925 7.
1761 2875 1937 2935 Unger
1973 2877 2214 2936 paradox.

138 2936 308 2985 Theb.
332 2937 442 2987 396.
511 2937 700 2998 Zumpt
735 2941 762 2998 ἓ
789 2938 883 2988 257
918 2952 974 2986 n.
1040 2937 1247 2986 Freund
1280 2953 1322 2986 s.
1355 2953 1405 2985 v.
1471 2938 1656 2986 Heins.
1692 2953 1761 2986 on
1795 2938 1970 2986 Claud.
2007 2954 2056 3001 p.
2097 2941 2207 2990 249.

136 3002 378 3049 Burman
400 2999 545 3050 anth.
569 3015 611 3048 11
634 3002 743 3052 296.
812 3001 953 3049 Neue
975 3000 1020 3048 1¹
1046 3002 1252 3052 642-3.
1346 3001 1456 3052 The
1486 3002 1830 3050 tortoiseshell
1861 3017 1964 3050 was
1995 3003 2215 3063 brought

137 3066 281 3113 from
302 3064 393 3113 the
412 3081 545 3114 mare
566 3067 801 3114 Indicum
822 3065 955 3113 Plin.
979 3079 1034 3112 rx
1053 3067 1078 3124 g
1099 3066 1175 3113 35.
1561 3081 1790 3114 rnsruno
1811 3080 1866 3114 v1
1888 3068 1967 3114 80.
1990 3082 2078 3114 x1v
2099 3071 2206 3117 308.

44 3184 53 3193 ‚
136 3129 295 3188 Verg.
320 3143 367 3188 g.
392 3142 435 3176 11
464 3129 575 3177 463.
600 3129 753 3177 Mart.
777 3142 833 3177 11
865 3130 926 3179 59
960 3131 991 3180 9
1024 3128 1830 3180 testudineum...hexaclinon.
1896 3131 1963 3178 id.
1989 3145 2066 3179 111
2099 3132 2162 3180 66
2184 3133 2215 3180 5

117 3194 439 3256 'yemmantes
463 3196 633 3256 prima
654 3194 858 3256 sulyent
888 3193 1207 3241 testudine
1236 3194 1400 3243 lecti.
1473 3194 1539 3243 id.
1577 3207 1663 3242 xlv
1694 3197 1772 3245 87.
1841 3195 1973 3242 Plin.
2007 3208 2060 3242 1x
2092 3199 2118 3256 9
2151 3197 2214 3244 39

138 3255 542 3305 testudinum
578 3261 845 3318 putamina
876 3272 1041 3305 secare
1076 3260 1133 3306 in
1165 3260 1378 3306 laminas
1403 3258 1700 3320 lectosque
1731 3265 1779 3306 et
1809 3261 2104 3320 repositoria
2137 3261 2214 3307 his

137 3322 327 3370 vestire
362 3321 615 3368 Carvilius
644 3322 815 3370 Pollio
844 3323 1081 3381 instituit,
1108 3323 1315 3382 prodi-qi
1346 3337 1407 3370 ac
1439 3325 1635 3382 rayacis
1668 3324 1736 3370 ad
1771 3324 1999 3370 luxuriae
2031 3324 2214 3371 instru-

138 3391 313 3432 menta
352 3385 562 3444 inqenii.
626 3383 699 3432 ib.
742 3399 830 3432 xvr
862 3387 911 3444 ἐξ
944 3386 1135 3432 232-3
1167 3401 1255 3434 nec
1291 3388 1418 3434 satis
1434 3403 1450 3434 .·
1492 3401 1684 3448 coepere
1721 3388 1884 3448 tinqui
1916 3388 2211 3435 animalium

138 3463 348 3506 cornua,
394 3450 561 3496 dentes
594 3451 755 3497 secari
791 3451 1070 3510 biqnumque
1108 3451 1245 3498 ebore
1290 3451 1554 3510 distinqui,
1603 3465 1712 3498 mox
1756 3452 1956 3511 operiri.
2015 3452 2216 3513 plac-uit

138 3513 325 3561 deinde
362 3514 623 3560 muriam
660 3519 709 3560 et
744 3515 801 3561 in
830 3515 962 3561 mari
994 3515 1189 3576 quaeri.
1255 3514 1504 3562 testudo
1533 3516 1592 3562 in
1626 3515 1714 3562 hoc
1749 3521 1898 3562 secta.
1963 3529 2214 3578 nuperque

130 3577 441 3640 portentosis
462 3578 679 3636 ingeniis
694 3579 990 3638 principatu
1011 3579 1224 3626 Neronis
1250 3579 1508 3627 inventum
1534 3585 1592 3625 ut
1613 3579 1880 3640 pigmentis
1904 3581 2133 3640 perderet
2163 3596 2215 3630 se

136 3641 407 3704 plurisque
450 3643 643 3688 veniret
684 3643 888 3689 imitata
922 3643 1123 3701 liquam.
1196 3641 1283 3689 sic
1314 3641 1498 3688 lectis
1528 3641 1731 3705 pretia
1765 3645 2210 3702 quaeruntur...

137 3705 286 3753 modo
320 3705 527 3751 luxuria
558 3719 659 3752 non
677 3706 855 3766 suerat
886 3713 1119 3754 contenta
1151 3707 1303 3766 liqno‚
1333 3707 1438 3754 iam
1471 3707 1657 3766 liqnum
1677 3713 1726 3754 et
1751 3708 2042 3756 testudinem
2061 3709 2213 3770 facit.

138 3767 210 3816 id.
236 3780 402 3814 mm
424 3770 450 3828 ς
475 3767 567 3816 146
590 3770 821 3817 triclinia
837 3769 892 3816 of
912 3768 1257 3817 tortoiseshell
1274 3783 1418 3817 came
1432 3769 1545 3817 into
1562 3769 1768 3818 iashion
1783 3770 1948 3819 under
1965 3771 2214 3822 Tiberius,

141 3833 266 3883 San.
295 3831 413 3880 ben.
430 3845 507 3880 vn
525 3832 559 3881 9
581 3835 607 3893 ἓ
629 3833 677 3883 2.
741 3831 941 3881 Lucian
962 3833 1094 3882 asin.
1112 3835 1175 3882 53
1202 3831 1502 3898 (transhted
1522 3833 1590 3897 by
1609 3834 1757 3896 Apul.
1780 3837 1904 3884 met.
1928 3849 1962 3884 x
1983 3835 2064 3902 34)
2082 3841 2218 3899 κλίνη

2348 2154 2361 2175 t.-
2355 2050 2370 2115 ¹¹⁸³-
