2725 4317
496 290 643 378 284
696 298 964 350 ruffino
985 297 1096 347 AD.
1128 296 1491 347 amoma
1513 295 2092 349 munnmoms.
2130 295 2294 359 [xm
2315 299 2624 358 223—226

905 447 1439 494 'nonsummum
1459 435 1876 485 rmum-¹230.
1946 433 2123 484 Oicero
2144 433 2274 484 does
2293 435 2398 483 not
2419 449 2520 486 nse
2543 436 2616 486 ad

511 502 652 564 thus,
678 503 735 550 to
752 499 937 549 denote
957 499 1048 549 the
1069 501 1304 548 occasion
1326 500 1381 547 oi
1402 501 1511 548 tear
1531 504 1628 550 etc.
1697 499 1853 547 Hand
1874 498 2023 547 Turs.
2046 513 2068 546 1
2091 500 2201 548 101.
2230 500 2382 549 Suet.
2410 500 2522 550 Gal.
2548 503 2610 549 51

512 569 600 628 qui
623 569 734 614 deos
768 572 908 615 tanto
945 579 1085 627 opere
1123 571 1462 624 contemneret,
1490 563 1565 613 ad
1606 562 1862 612 minima
1900 563 2194 612 tonitrua
2232 568 2299 612 et
2344 563 2607 625 fulgura

511 630 808 686 conivere,
831 636 981 691 caput
996 629 1257 688 obvolvere,
1279 635 1335 676 at
1350 643 1464 677 vero
1481 627 1553 676 ad
1576 627 1808 676 maiora
1821 629 2074 690 proripere
2091 643 2142 676 se
2158 643 2184 676 e
2198 634 2383 689 strato,
2404 631 2497 677 sub
2517 631 2606 677 lec-

513 702 706 755 tumque
728 694 929 742 condere
955 694 1157 741 solebat.
1220 692 1412 741 DGass.
1440 705 1527 739 mx
1547 693 1611 740 28
1636 695 1663 751 ξ
1686 693 1719 739 4
1738 691 1996 753 lightning
2017 690 2291 752 destroyed
2313 692 2411 739 the
2429 693 2599 740 vessel

510 757 677 806 which
699 772 801 806 was
822 760 876 804 to
896 756 1027 804 have
1048 755 1304 817 conveyed
1327 755 1416 804 the
1444 755 1611 816 image
1639 755 1694 803 ot
1731 754 2003 816 Olympian
2036 755 2170 803 Zeus
2201 758 2261 803 to
2298 755 2367 803 be
2408 755 2607 804 turned

512 821 626 870 into
659 836 691 870 a
721 821 946 869 likeness
984 822 1039 868 of
1081 820 1335 881 Caligula3
1379 819 1473 868 but
1504 819 1653 868 when
1694 818 1785 866 the
1826 819 2088 867 workmen
2128 819 2471 879 approached
2512 820 2606 868 the
2705 853 2706 876 3

511 885 757 947 pedestal,
799 884 923 947 they
960 899 1090 933 were
1124 883 1398 943 affrighted
1434 884 1500 945 by
1537 899 1570 931 a
1605 882 1728 931 lond
1760 883 1929 944 laugh.
2004 885 2031 942 ξ
2056 883 2086 931 6
2110 884 2405 942 Caligula's
2449 885 2606 931 mock
2705 895 2706 898 ’

511 949 736 999 thnnder
771 948 873 998 and
907 948 1177 1009 lightning.
1253 948 1371 997 Seu.
1395 962 1446 997 n.
1475 962 1524 1008 q.
1551 961 1594 994 11
1617 949 1679 997 59
1705 950 1731 1007 ἕ
1757 948 1819 995 11
1854 946 2130 1007 pavescis
2170 947 2246 995 ad
2279 947 2451 996 caeli
2486 949 2603 996 fra-

511 1029 715 1073 gorem
749 1017 807 1062 et
843 1012 915 1061 ad
946 1013 1135 1061 inane
1172 1011 1452 1060 nubilum
1484 1010 1776 1072 trepidae.
1843 1010 1915 1058 id.
1938 1010 2000 1058 de
2033 1009 2175 1074 ira11
2198 1012 2227 1060 2
2254 1014 2281 1070 ἓ
2305 1012 2355 1059 1.
2429 1026 2496 1059 111
2533 1013 2599 1061 35

510 1083 537 1138 §
559 1081 605 1126 3.
671 1078 796 1128 Luc.
821 1092 853 1126 v
876 1077 969 1128 766
1003 1077 1168 1125 Corte.
1236 1089 1293 1123 v1
1330 1076 1410 1123 11.
1445 1074 1660 1135 Quintil.
1691 1074 1814 1124 decl.
1843 1075 1873 1124 9
1905 1077 1931 1135 5
1957 1074 2017 1122 16
2048 1090 2100 1125 n.
2127 1076 2225 1122 204
2246 1083 2374 1124 sunt
2396 1078 2490 1138 qui
2521 1075 2603 1124 ad

509 1145 725 1191 omnium
743 1143 1032 1202 sanquinem
1051 1140 1415 1203 pallescant.
1462 1140 1531 1187 ib.
1554 1138 1764 1187 tremit
1787 1137 1874 1188 ad.
1923 1138 1994 1187 ib.
2016 1140 2112 1186 ‘258
2132 1154 2184 1199 p.
2207 1139 2312 1189 474
2334 1140 2416 1188 ad
2438 1155 2602 1188 omnes

513 1212 747 1255 terreor
790 1207 1042 1266 strepitus.
1112 1202 1253 1251 Tert.
1288 1203 1353 1252 ad
1395 1204 1539 1264 Scap.
1580 1204 1611 1250 2
1656 1218 1743 1250 nos
1786 1218 1941 1251 untcm
1981 1204 2142 1250 Deum
2185 1204 2421 1261 colimus,
2457 1219 2602 1266 quem

511 1285 671 1318 omnes
692 1271 997 1318 naturaliter
1024 1269 1195 1326 nostis,
1223 1266 1297 1315 ad
1331 1266 1509 1314 cuius
1541 1266 1789 1327 fulgura
1819 1270 1879 1315 et
1911 1270 2190 1315 tonitrua
2221 1268 2598 1316 contremis-

513 1333 671 1384 citis.
738 1333 960 1392 Wagner
984 1332 1058 1393 (or
1078 1330 1337 1393 Forbiger)
1363 1345 1432 1378 on
1456 1330 1603 1392 Verg.
1629 1330 1719 1380 ecl.
1747 1332 1778 1379 8
1800 1332 1849 1380 3.

510 1409 751 1445 romum
793 1396 895 1444 Cic.
936 1394 1094 1444 divin.
1132 1408 1176 1442 11
1213 1398 1263 1455 ἐξ
1285 1395 1378 1444 149
1414 1408 1518 1455 seq.
1587 1395 1702 1443 Seu.
1744 1408 1796 1444 n.
1822 1409 1870 1456 q.
1909 1408 1965 1441 VI
1998 1393 2028 1440 2
2066 1396 2119 1455 ἓξ
2140 1393 2289 1445 4-6.
2381 1395 2525 1445 Plut.
2555 1409 2601 1444 11

511 1462 647 1509 555⁸.
716 1461 858 1510 Suet.
883 1460 1011 1518 Aug.
1035 1459 1099 1508 90
1122 1461 1345 1506 tonitrua
1368 1467 1415 1507 et
1427 1460 1643 1521 sulyura
1668 1461 1825 1519 paulo
1857 1459 2102 1520 infirmius
2134 1462 2517 1520 expavescebat,
2541 1467 2601 1507 ut

510 1539 696 1586 semper
716 1531 765 1572 et
786 1525 963 1585 ubique
989 1524 1171 1583 pellem
1190 1523 1344 1570 vituli
1369 1525 1552 1570 marini
1585 1524 1921 1585 circumferret
1945 1537 2039 1584 pro
2077 1524 2309 1582 remedio,
2338 1532 2500 1586 atque
2529 1526 2600 1571 ad

510 1603 696 1636 omnem
716 1590 922 1635 maioris
947 1589 1245 1647 tempestatis
1267 1589 1593 1649 suspicionem
1614 1588 1671 1635 in
1692 1588 1916 1634 abditum
1935 1593 1983 1633 et
2004 1594 2416 1635 concamaratum
2439 1591 2602 1636 Locum
2705 1609 2706 1632 l

509 1667 559 1702 ee
580 1653 834 1714 reciperet,
860 1657 1196 1700 consternatus
1221 1652 1341 1698 olim
1364 1666 1460 1712 per
1489 1658 1781 1698 nocturnum
1810 1652 1909 1698 iter
1942 1656 2225 1698 transcursu
2247 1652 2518 1712 sulyuris..

1161 1713 1275 1771 224
1305 1728 1509 1769 Quooun
1540 1729 1667 1762 even
1688 1716 1743 1762 at
1764 1713 1855 1787 the
1876 1712 1989 1762 first
2001 1714 2273 1787 ‚rumbling
2293 1714 2354 1762 in
2376 1715 2475 1763 the
2497 1715 2595 1765 air.

512 1844 620 1894 182.
694 1843 827 1894 Stat.
857 1842 950 1891 Th.
978 1856 1054 1891 vn
1085 1842 1196 1892 449.
1261 1779 1679 1891 ἷξῗτὲιῗᾘῖἓῗξε
1701 1777 2337 1889 pffsii'iffiffiffinffffiei'rfl
2360 1779 2599 1891 ἒῗὲῃζιιὶᾶ

510 1907 820 1957 Miihlmann
841 1907 990 1955 make
1012 1905 1099 1954 the
1121 1909 1142 1954 i
1164 1906 1285 1953 here
1321 1907 1479 1966 short,
1509 1921 1566 1954 as
1604 1906 1659 1953 in
1696 1908 1972 1966 yratuitum
2006 1905 2065 1953 in
2107 1905 2594 1968 hendecasyllables

514 1972 647 2022 Stat.
685 1987 723 2022 s.
754 1987 775 2021 1
808 1972 839 2020 6
864 1972 942 2021 16.
993 1973 1190 2033 pituita
1226 1971 1369 2035 (Hor.
1404 1985 1483 2032 ep.
1518 1984 1538 2017 1
1563 1971 1591 2018 1
1615 1971 1727 2018 108.
1794 1984 1837 2020 s.
1864 1984 1908 2017 11
1928 1970 1959 2016 2
1982 1969 2063 2020 76.
2109 1970 2246 2019 Pers.
2287 1984 2337 2019 11
2369 1973 2460 2034 57)
2497 1986 2596 2020 un-

510 2036 786 2098 doubtedly
809 2036 990 2084 suffers
1013 2034 1270 2096 synizesis.
1345 2034 1424 2082 Cf.
1448 2035 1593 2084 Voss.
1617 2034 1680 2082 de
1702 2035 1811 2083 arte
1833 2047 2044 2093 gramm.
2069 2048 2112 2081 11
2133 2035 2212 2083 37.

576 2100 657 2149 On
698 2101 788 2150 the
817 2100 1055 2161 question
1089 2099 1316 2146 whether
1353 2098 1577 2145 thunder
1614 2097 1674 2147 be
1707 2096 1986 2146 accidental
2022 2097 2598 2162 (fort-uitumndivinum

513 2163 616 2214 Cic.
640 2166 762 2214 iam.
788 2178 866 2213 vn
887 2165 917 2212 5
942 2167 966 2223 ἓ
989 2165 1058 2224 2),
1097 2163 1161 2212 cf.
1187 2162 1339 2211 Lucr.
1358 2176 1402 2209 11
1425 2162 1664 2210 1100—4.
1697 2176 1750 2209 VI
1772 2163 2009 2211 83-422,
2049 2162 2174 2212 Hor.
2204 2175 2243 2212 s.
2268 2176 2291 2209 1
2315 2164 2347 2210 5
2371 2165 2593 2212 101-3.

513 2227 648 2278 Plin.
668 2243 711 2276 11
732 2231 784 2289 ἐς
800 2229 893 2276 112
920 2229 1012 2275 113
1035 2241 1130 2287 e-g.
1146 2241 1287 2288 posse
1310 2233 1358 2274 et
1381 2228 1614 2288 conflictu
1633 2228 1839 2275 nubium
1860 2227 2001 2283 elidi,
2024 2232 2083 2273 ut
2105 2227 2314 2274 duorum
2339 2229 2592 2289 lapidum,

509 2294 900 2340 scintillantibus
934 2292 1187 2353 fulgetris.
1248 2291 1338 2339 sed
1382 2292 1503 2338 haec
1546 2292 1712 2338 omnia
1755 2304 1856 2338 esse
1898 2289 2168 2340 fortuita.
2254 2291 2375 2339 hinc
2437 2294 2594 2340 b-nata

509 2359 668 2405 multa
680 2358 906 2418 fulmina
928 2363 978 2403 et
998 2370 1147 2413 vana,
1175 2361 1229 2402 ut
1252 2369 1379 2415 quae
1401 2355 1541 2403 nulla
1561 2356 1767 2402 veniant
1786 2355 1981 2402 ratione
2002 2360 2215 2402 naturae
2224 2371 2243 2410 ;
2281 2356 2362 2402 his
2376 2356 2592 2417 percuti

509 2427 709 2477 montes,
735 2420 813 2467 liis
836 2421 1017 2476 maria,
1041 2433 1293 2479 omnesque
1316 2420 1444 2466 alios
1466 2420 1638 2466 irritos
1660 2421 1839 2468 iactus,
1892 2419 1990 2466 illa
2010 2432 2123 2465 vero
2138 2419 2369 2480 fatidica
2392 2435 2461 2466 ex
2482 2422 2592 2467 alto

508 2485 751 2543 statisque
785 2483 843 2531 de
876 2485 1041 2530 causis
1074 2489 1123 2530 et
1154 2498 1215 2529 ex
1236 2485 1340 2529 suis
1361 2483 1528 2529 venire
1549 2483 1809 2529 sideribus.
1877 2481 1996 2531 Seu.
2026 2496 2079 2528 n.
2104 2496 2152 2541 q.
2176 2495 2229 2529 VI
2249 2483 2280 2530 3
2303 2485 2330 2542 ς
2358 2483 2386 2529 1
2402 2485 2589 2544 prode-

508 2549 581 2596 rit
607 2561 915 2608 praesumere
950 2548 1114 2594 animo
1150 2548 1287 2595 nihil
1321 2546 1496 2593 horum
1520 2546 1633 2594 deos
1657 2547 1845 2608 facere,
1870 2559 1959 2593 nec
1997 2544 2088 2593 ira
2121 2545 2451 2594 numinum
2495 2553 2590 2596 aut

509 2613 702 2659 caelum
743 2612 939 2659 concuti
982 2617 1073 2657 aut
1117 2618 1314 2658 terram.
1379 2624 1496 2658 suas
1539 2612 1642 2659 ista
1684 2623 1860 2658 causas
1906 2610 2089 2657 habent
2131 2624 2220 2657 nec
2263 2624 2326 2657 ex
2369 2613 2587 2672 imperio

508 2676 755 2722 saeviunt.
821 2673 954 2723 Tert.
978 2673 1112 2733 apol.
1136 2674 1214 2724 29.
2024 2686 2308 2720 vnmontm
2330 2687 2493 2721 mm
2517 2675 2585 2723 cf.

509 2737 599 2786 the
621 2740 818 2800 αἰθέριος
840 2741 972 2788 Δῖνος
992 2738 1047 2785 of
1066 2736 1323 2798 Aristoph.
1346 2736 1472 2787 nub.
1496 2737 1768 2786 380—408.
1835 2735 2043 2785 Aristot.
2068 2737 2327 2786 meteorol.
2358 2752 2401 2784 11
2425 2740 2459 2787 9
2481 2742 2509 2799 ἓ
2532 2739 2580 2789 6.

510 2801 628 2851 Son.
651 2817 702 2851 n.
729 2816 774 2863 q.
801 2817 822 2850 1
847 2803 875 2850 1
899 2806 948 2863 ἐξ
970 2802 1111 2851 4-9.
1184 2802 1390 2851 12-15,
1459 2801 1652 2850 Minue.
1685 2801 1788 2851 Fel.
1823 2802 1853 2850 5
1880 2805 1906 2862 ξ
1939 2803 1969 2851 9
2009 2802 2189 2848 nimbis
2227 2803 2585 2850 collidentibus

509 2867 732 2915 tonitrua
776 2870 981 2927 muyire,
1026 2867 1238 2913 rutilare
1283 2869 1508 2927 sidyma,
1548 2867 1771 2927 fulmina
1817 2867 2125 2927 praemicare
2138 2881 2158 2920 ,·
2214 2866 2340 2913 adeo
2392 2868 2585 2927 passim

508 2932 710 2990 cadunt,
750 2939 933 2979 montes
971 2932 1193 2989 inruunt,
1229 2931 1486 2978 arboribus
1519 2933 1799 2989 incurrunt,
1842 2931 1948 2977 sine
1986 2930 2178 2977 delectu
2216 2936 2432 2990 tanyunt
2471 2932 2582 2979 loca

507 3008 652 3043 sacra
673 3002 721 3042 et
733 2997 971 3057 profana,
997 2996 1210 3042 homines
1232 2996 1407 3042 noxios
1423 2996 1634 3055 feriunt,
1658 3009 1798 3053 saepe
1821 3001 1866 3041 et
1888 2995 2166 3053 reliyiosos.-
2223 2992 2293 3039 ib.
2313 2997 2341 3052 ς
2367 2994 2444 3042 10.

1240 3057 1351 3115 226
1385 3071 1568 3105 nurus
1591 3072 1732 3105 roms
1754 3059 1831 3106 93.
1886 3056 2036 3106 Pind.
2065 3057 2210 3105 Nem.
2235 3070 2267 3105 v
2289 3057 2353 3106 90
2377 3058 2580 3116 ζάκοτον

512 3116 673 3184 ἔγχος.
740 3120 998 3183 Aristoph.
1033 3121 1155 3171 nub.
1196 3122 1289 3171 397
1325 3121 1381 3169 of
1421 3121 1511 3169 the
1543 3121 1873 3169 thunderbolt
1915 3124 2081 3170 τοῦτον
2122 3121 2221 3182 wip
2259 3124 2317 3181 δὴ
2363 3120 2579 3182 φανερῶς

509 3189 668 3246 ozei),
703 3186 792 3246 ἵησ’
826 3190 908 3235 ἐπὶ
941 3188 1046 3236 τοὺς
1079 3188 1393 3245 ἐπιόρκους,
1422 3185 1587 3233 where
1625 3185 1818 3233 ioUows
1855 3184 1944 3232 the
1976 3187 2260 3244 argument,
2286 3185 2427 3246 ‘why
2450 3185 2577 3234 theu

508 3250 628 3298 does
654 3250 723 3299 he
754 3264 900 3312 spare
937 3249 1131 3306 Simon,
1155 3249 1482 3309 Kleonymos,
1506 3248 1729 3297 Theoros
1748 3252 1770 3295 ἲ
1799 3247 1913 3309 why
1935 3248 2092 3296 striks
2120 3247 2204 3295 his
2236 3262 2351 3295 own
2383 3248 2574 3310 temple

508 3315 613 3363 and
644 3314 822 3363 oaks?’
890 3313 972 3361 On
1001 3312 1368 3374 ‘judgements'
1392 3327 1476 3361 see
1508 3311 1665 3360 Hom.
1691 3311 1782 3361 Od.
1810 3326 1844 3359 x
1866 3313 1927 3361 72
1950 3327 2004 3360 n.
2070 3312 2172 3359 Cic.
2194 3311 2405 3372 hai-usp.
2433 3326 2568 3372 resp.

510 3381 569 3438 ἐς
595 3379 657 3428 62
679 3378 742 3426 63
764 3378 853 3426 the
874 3377 998 3437 gods
1021 3376 1176 3438 speak
1196 3379 1250 3424 to
1271 3391 1394 3450 men
1415 3376 1473 3424 in
1500 3376 1860 3450 ‘earthquakeffi
1924 3376 2073 3436 Prop.
2098 3390 2275 3424 111=11
2298 3376 2359 3425 16
2381 3376 2574 3448 47-56

507 3439 2575 3567 3225313552353502253²3122¹3ffi¹8215223{ilios{mlffiissaezissfflfssss
2697 3527 2698 3554 ι

506 3573 603 3631 ’γὰρ
619 3573 782 3630 Λάμια
801 3572 945 3629 μῦθός
965 3572 1069 3618 ἐστι
1091 3572 1171 3617 καὶ
1193 3570 1223 3628 ἡ
1245 3570 1414 3630 Γοργὼ
1433 3574 1510 3617 καὶ
1528 3566 1827 3629 όΈφιάλτης
1848 3570 1926 3616 καὶ
1943 3568 1974 3626 ἡ
1990 3569 2406 3628 Μορμολύκη...εο
2426 3567 2571 3627 legis·
2697 3571 2698 3598 ¹

506 3632 667 3681 lators
689 3648 966 3694 encourage
994 3647 1117 3680 men
1145 3636 1199 3680 to
1233 3633 1461 3680 exertion
1489 3632 1557 3693 by
1577 3632 1667 3679 the
1695 3633 1827 3680 tales
1849 3632 1902 3679 oi
1920 3631 2171 3679 Herakles
2200 3630 2304 3678 and
2328 3630 2571 3692 Theseua

508 3697 612 3743 and
633 3696 771 3745 deter
791 3696 947 3753 them,
975 3699 1091 3745 ὅταν
1113 3693 1329 3747 κολάσεις
1349 3697 1482 3758 παρὰ
1502 3697 1619 3745 θεῶν
1641 3699 1718 3744 καὶ
1741 3698 1914 3759 φόβους
1936 3698 2015 3744 καὶ
2039 3692 2234 3745 ἀπειλὰς
2253 3695 2283 3754 ἣ
2309 3697 2387 3743 διὰ
2407 3698 2570 3756 λόγων

510 3760 542 3818 ἢ
563 3758 638 3807 διὰ
658 3766 818 3809 τύπων
839 3761 1051 3822 ἀοράτων
1069 3760 1210 3808 τινῶν
1231 3764 1604 3822 προσδέχωνται,
1630 3760 1662 3819 ἢ
1682 3765 1759 3808 καὶ
1784 3760 2044 3808 πιστεύωσι
2071 3761 2345 3821 περιπεσεῖν
2375 3775 2567 3809 τινας...

510 3826 644 3884 κέρα
657 3842 713 3872 υν
725 3841 777 3873 ος
799 3821 891 3886 γὰρ
920 3826 998 3873 καὶ
1030 3827 1154 3886 αἰγὶς
1185 3827 1261 3873 καὶ
1285 3828 1471 3886 τρίαινα
1492 3828 1570 3880 καὶ
1592 3825 1841 3886 λαμπάδες
1879 3827 1958 3873 καὶ
1982 3821 2234 3892 δράκοντες
2257 3825 2336 3874 καὶ
2369 3825 2571 3885 θνρσό·
