2725 4317
145 300 476 364 Ἄρῃ-293]
543 297 794 353 sunm·
837 296 1168 349 paunus.
1232 296 1583 354 mucuns,
1646 299 1987 356 monson.
2110 299 2157 363 ”1
2176 314 2213 384 5
2228 313 2267 385 7

135 458 260 503 -non
302 453 544 510 admiror,
587 454 634 501 εἰ
667 454 835 501 omnia
877 467 966 501 nos
1012 468 1045 501 a
1080 454 1250 514 prima
1287 454 1517 513 pueritia
1558 454 1697 503 mala
1734 462 2041 517 sequuntur.-
2096 454 2262 505 inter

157 517 592 567 execrationes
636 519 963 579 parentum
1006 516 1329 565 crevimus.
1396 517 1524 565 Hor.
1556 530 1632 577 ep.
1671 532 1692 565 1
1720 518 1753 565 4
1778 520 1905 568 6—8
1936 522 1991 567 to
2024 518 2261 573 Tibullus

155 581 214 629 di
260 583 360 631 tibi
403 582 677 640 formam,
722 583 776 629 de:
823 582 916 631 tibi
959 582 1172 629 divitias
1217 582 1457 629 dederunt
1502 589 1753 643 artemque
1787 585 2013 646 fruendi.
2062 583 2071 649 Ι
2115 585 2262 645 quid

154 648 378 699 voveat
425 645 597 695 dulei
640 646 964 695 nutricula
1004 646 1210 695 maius
1253 646 1541 695 alumno?

155 712 416 773 239—90
451 724 664 759 romam
692 724 848 761 orn-r
879 724 1068 759 rusius
1105 724 1298 759 uomoo
1333 724 1596 761 nunninus
1628 726 1683 761 v1
1715 713 1812 762 539
1842 715 2081 763 lacrimae
2109 716 2258 765 medi·

139 787 366 838 .tataque
400 790 714 825 murmura
746 776 801 825 oi
831 774 922 823 the
951 778 1130 836 votary
1151 775 1204 823 oi
1239 774 1419 823 Osiris.
1489 775 1610 825 Sen.
1634 791 1711 838 ep.
1742 778 1806 825 10
1827 780 1854 837 5
1876 779 1905 825 5
1944 779 2027 840 (ei.
2052 778 2207 829 Macr.
2237 794 2258 827 1

153 846 185 894 7
209 847 234 904 ἓ
256 842 308 906 6)
343 856 514 890 verum
533 849 608 889 est
629 842 762 901 quod
783 841 920 902 apud
939 840 1312 889 Athenodorum
1324 842 1499 891 inveni
1512 858 1529 890 .-
1562 846 1575 868 ‘
1588 843 1713 889 tunc
1734 841 1864 890 scito
1886 856 1997 891 esse
2019 846 2071 891 te
2092 844 2257 891 omni-

151 908 254 957 bus
287 906 657 967 cupiditatibus
691 906 934 963 solutum,
974 919 1092 953 cum
1122 918 1182 953 eo
1211 904 1521 965 perveneris,
1554 907 1618 954 ut
1652 904 1820 954 nihil
1859 906 2034 955 deum
2065 922 2256 969 roges,

149 974 282 1023 nisi
325 970 483 1032 quod
519 984 736 1029 rogare
769 968 973 1030 possis
1011 969 1251 1030 palam.'
1317 984 1449 1019 nunc
1490 972 1621 1018 enim
1654 978 1849 1031 quanta
1882 972 2132 1021 dementia
2175 981 2250 1021 est

151 1036 439 1087 hominum!
470 1034 839 1095 turpissima
871 1036 1014 1082 vota
1046 1033 1140 1082 dis
1173 1034 1607 1083 insusurrant:
1654 1034 1707 1083 si
1740 1033 1877 1094 quis
1912 1036 2255 1086 admoverit

153 1116 386 1160 aurem,
453 1099 891 1157 conticescent,
943 1101 1002 1147 et
1058 1098 1216 1159 quod
1272 1098 1433 1147 scire
1484 1098 1793 1147 hominem
1844 1100 2081 1157 nolunt,
2144 1101 2256 1151 deo

146 1168 433 1216 narrant.
500 1166 616 1213 vide
655 1178 783 1224 erqo,
819 1180 880 1212 ne
922 1165 1012 1213 hoc
1043 1165 1582 1225 praecipi‚ealubriter
1610 1166 1797 1225 posuit.-
1848 1165 1951 1213 ‘sic
1984 1165 2099 1213 vive
2137 1180 2256 1217 cum

147 1230 477 1288 hominibus,
500 1231 768 1289 tamquam
801 1228 924 1277 deus
954 1228 1150 1277 videat:
1187 1228 1276 1275 sic
1311 1228 1567 1288 loquere
1606 1243 1741 1277 eum
1779 1228 1905 1287 dee,
1947 1232 2255 1291 tamquam

147 1297 230 1345 ho
243 1295 448 1344 mines
483 1290 776 1344 aud-iant.'
844 1293 915 1343 id.
946 1293 1057 1342 ben.
1099 1306 1142 1340 11
1179 1294 1206 1341 1
1241 1293 1321 1353 §4
1355 1300 1475 1343 vota
1515 1295 1729 1341 homines
1762 1296 1969 1355 parcius
2006 1296 2251 1357 facerem,

149 1362 206 1410 si
241 1361 450 1423 palam
481 1358 772 1409 facienda
803 1360 1034 1407 essent:
1071 1358 1196 1405 adeo
1219 1360 1373 1407 etiam
1396 1360 1524 1417 deos,
1562 1359 1739 1419 quibus
1775 1360 2111 1407 honestissime
2142 1375 2253 1422 sup-

139 1424 640 1489 plicamus‚tacite
673 1423 982 1471 malumus
1025 1425 1084 1471 et
1121 1422 1289 1470 intra
1326 1423 1744 1483 nosmetipsos
1783 1423 2033 1484 precari.
2095 1423 2163 1476 ib.
2200 1439 2255 1473 v1

147 1491 445 1551 38§§2-5
469 1504 572 1550 esp.
622 1501 798 1549 quam
841 1489 1036 1535 multa
1081 1489 1221 1534 sunt
1264 1490 1422 1544 vota,
1470 1501 1623 1547 quae
1668 1487 1855 1535 etiam
1900 1488 2023 1535 sibi
2068 1489 2255 1536 fateri

147 1555 373 1617 pudet!
411 1568 590 1614 quam
628 1566 836 1613 pauca,
865 1566 1020 1612 quae
1047 1552 1252 1599 iacere
1278 1566 1478 1599 coram
1508 1554 1669 1600 teste
1694 1552 2030 1613 possimus!
2066 1552 2252 1603 Tibull.

148 1634 196 1668 11
238 1622 268 1667 1
303 1619 366 1667 85
404 1617 630 1668 Broukh.
676 1617 801 1665 Hor.
829 1632 906 1679 ep.
937 1630 958 1663 1
983 1616 1045 1665 16
1068 1616 1260 1665 59-60
1301 1615 1483 1666 Obbar.
1514 1617 1637 1667 Luc.
1672 1632 1706 1665 v
1738 1618 1927 1665 104-5
1968 1620 2105 1665 haud
2142 1620 2254 1667 illic

145 1683 348 1733 tacito
383 1683 544 1733 mala
582 1684 725 1731 vota
762 1680 1048 1745 susurro!
1079 1683 1382 1741 concipiunt.
1456 1682 1603 1731 Pers„
1630 1696 1675 1729 11
1697 1682 1856 1733 3-75
1893 1683 2005 1731 Cas.
2044 1683 2193 1731 Mart.
2230 1698 2254 1729 1

147 1750 216 1799 39
239 1747 374 1798 5-6
395 1750 554 1808 siquis
586 1749 684 1795 erit
712 1749 840 1795 recti
869 1754 1047 1804 eustos,
1072 1749 1283 1794 mirator
1305 1746 1513 1803 honesti,
1542 1744 1551 1811 Ι
1581 1753 1630 1795 et
1670 1746 1835 1797 nihil
1881 1761 2105 1795 arcano
2150 1748 2255 1807 qui

145 1815 328 1875 roget
372 1827 472 1860 ore
515 1811 668 1860 deos.
739 1810 964 1859 Gataker
989 1824 1060 1857 on
1081 1809 1270 1860 Anton.
1299 1824 1365 1857 111
1395 1811 1443 1859 4.
1512 1811 1591 1859 cf.
1622 1809 1713 1858 the
1750 1810 2106 1872 Pythagoream
2142 1812 2254 1859 rule

147 1879 320 1927 Olem.
345 1878 426 1925 Al.
451 1878 540 1926 str.
569 1890 624 1925 1v
647 1875 710 1923 26
735 1878 762 1935 §
788 1877 882 1927 173
908 1878 1032 1933 μετὰ
1054 1875 1210 1935 φωνῆς
1234 1878 1491 1935 εὔχεσθαις
1528 1890 1585 1923 so
1606 1874 1868 1923 Iustinian
1891 1876 2075 1925 novell.
2107 1878 2198 1927 137
2223 1878 2254 1925 6

146 1942 332 1992 orders
355 1942 445 1989 the
467 1954 674 2002 prayers
696 1940 754 1988 in
777 1939 866 1987 the
898 1939 1317 1987 administration
1347 1940 1402 1985 oi
1430 1940 1519 1989 the
1551 1942 1862 1987 sacramente
1894 1943 1949 1988 to
1969 1940 2031 1987 be
2052 1940 2255 1989 uttered

145 2008 282 2068 μετὰ
313 2007 493 2067 φωνῆς,
529 2004 684 2053 ‘with
707 2019 739 2053 a
760 2004 880 2055 loud
905 2004 1084 2063 voiee‚’
1121 2018 1178 2051 as
1200 2018 1295 2051 our
1314 2002 1515 2051 rubrics
1538 2003 1725 2065 enjoin.
1798 2004 1863 2055 ef.
1890 2004 2163 2064 Beveridge
2186 2020 2254 2054 on

147 2076 252 2121 art.
292 2073 372 2123 24.
1133 2068 1244 2126 290
1290 2082 1443 2116 mxu
1483 2082 1656 2117 mrsu
1688 2068 1834 2129 Prop.
1879 2083 2053 2116 111=11
2088 2070 2167 2115 22>
2190 2071 2252 2119 42

149 2140 318 2186 tutius
340 2144 392 2186 et
411 2137 628 2197 ,qeminos
653 2134 834 2183 anxia
856 2135 1050 2183 mater
1073 2135 1188 2181 alit.
1854 2133 1963 2190 291
1998 2146 2163 2189 uscos
2186 2148 2253 2186 AD

148 2216 394 2251 mancus
415 2214 658 2249 veronen
681 2212 734 2247 1v
755 2199 805 2247 4.
839 2212 895 2246 vx
917 2201 996 2248 47.
1021 2198 1130 2247 260.
1170 2212 1270 2245 1111
1295 2198 1485 2245 140—1
1522 2205 1603 2247 ten
1624 2227 1659 2234 —
1680 2213 1707 2245 ο
1746 2196 1975 2247 delicia
1988 2200 2254 2247 s—extra

149 2266 510 2315 communia
538 2279 702 2313 cemes
727 2265 1042 2327 ponendum?
1097 2264 1310 2313 deliciae
1333 2262 1438 2311 and
1458 2264 1703 2310 delicatus
1727 2265 1943 2310 connote
1965 2263 2256 2323 something

149 2331 386 2393 foppish,
410 2328 670 2386 fantastie,
700 2327 1002 2385 whimsical,
1026 2327 1322 2388 capi-inicus,
1350 2326 1489 2384 vain,
1512 2326 1631 2386 fine,
1668 2326 1933 2387 exquisite,
1962 2327 2253 2385 fastidiens,

147 2396 288 2457 nice,
305 2412 316 2427 ·
333 2396 527 2451 choico,
567 2394 779 2455 geziert;
813 2391 872 2441 in
909 2393 1038 2453 style
1074 2392 1316 2454 (Bonnell
1349 2392 1445 2441 lex.
1493 2390 1733 2452 Quintil.)
1770 2391 1985 2441 affected
2018 2392 2122 2441 and
2152 2394 2252 2441 far-

150 2460 384 2519 fetched3
421 2461 634 2508 deliciae
663 2463 676 2485 ‘
690 2472 722 2505 a
743 2460 863 2519 pet,’
900 2456 1110 2505 iondled
1130 2456 1253 2505 with
1277 2471 1308 2506 a
1329 2456 1507 2517 <loting
1528 2456 1655 2505 love.
1726 2456 1867 2505 Here
1886 2456 1975 2505 the
2004 2457 2131 2508 fond
2150 2472 2253 2505 mo·

149 2526 276 2575 ther
315 2524 436 2573 does
472 2526 564 2571 not
601 2523 739 2571 limit
777 2522 872 2571 her
905 2536 1112 2583 prayers
1149 2523 1206 2568 to
1240 2521 1403 2582 plain,
1440 2520 1571 2569 solid
1602 2520 1821 2571 benefits
1852 2524 1907 2569 to
1946 2522 2129 2583 satisfy
2160 2522 2256 2572 her

149 2589 436 2639 children’s
457 2590 637 2645 wants,
661 2588 755 2635 but
779 2587 898 2635 asks
921 2585 1119 2635 heaven
1141 2585 1222 2634 for
1244 2584 1539 2647 something
1559 2587 1650 2633 out
1670 2586 1725 2635 of
1754 2586 1843 2635 the
1866 2600 2106 2635 common
2126 2601 2251 2647 way,

149 2658 212 2704 to
245 2657 458 2703 content
481 2653 574 2701 her
602 2652 796 2713 vanity,
820 2654 874 2701 to
909 2650 1114 2711 indulge
1147 2649 1240 2699 her
1273 2652 1326 2698 ιο
1361 2650 1451 2698 the
1484 2653 1575 2711 top
1608 2650 1661 2700 of
1692 2650 1786 2699 her
1818 2651 1991 2713 ian0y3
2028 2651 2123 2701 she
2150 2652 2255 2701 will

151 2734 286 2783 pray
319 2734 364 2767 e.
381 2733 426 2779 g.
462 2719 540 2766 ior
573 2732 673 2778 any
705 2716 884 2765 charin
917 2715 1032 2764 that
1065 2716 1297 2777 happens
1333 2718 1391 2763 ιο
1421 2716 1485 2764 be
1518 2715 1575 2763 in
1607 2714 1817 2765 fashion
1852 2716 1970 2765 Seu.
1997 2716 2111 2765 ben.
2148 2731 2201 2765 1v
2222 2717 2253 2767 5

151 2788 184 2846 g
208 2786 236 2832 1
268 2786 400 2833 unde
424 2786 522 2831 illa
545 2798 734 2843 quoque
761 2783 1016 2830 luxurt’am
1037 2782 1288 2829 instruens
1310 2783 1493 2842 copia?
1524 2795 1680 2842 neque
1714 2783 1845 2831 enim
1876 2783 2253 2831 necessitatibus

154 2850 498 2899 tantummodo
521 2849 706 2895 nostris
721 2848 978 2908 provisum
999 2851 1095 2893 est.-
1129 2858 1328 2905 usque
1349 2846 1415 2895 in
1454 2844 1713 2894 delicias
1742 2860 1983 2895 amamur.
2050 2845 2184 2893 Plin.
2210 2860 2253 2893 11

153 2918 184 2976 5
209 2916 305 2965 157
339 2913 393 2961 of
425 2912 516 2960 the
535 2910 686 2959 earth
717 2926 841 2973 quas
871 2925 972 2959 non
1011 2908 1083 2957 ad
1121 2909 1379 2959 delicias
1424 2924 1646 2972 quasque
1689 2924 1789 2959 non
1823 2911 1892 2959 ad
1929 2912 2252 2961 contumelias

152 2980 314 3028 servit
360 2980 581 3026 homini?
606 3013 619 3026 .
648 3010 662 3023 .
688 3012 700 3024 .
725 2977 890 3038 aquia,
929 2976 1088 3038 ferro,
1136 2977 1266 3035 iane,
1313 2976 1499 3036 lapide,
1532 2977 1701 3038 fruye,
1740 2977 1960 3023 omnibus
1996 2977 2254 3026 cruciatur

156 3046 312 3103 horis,
349 3046 601 3103 multoque
639 3043 757 3103 plus
795 3047 853 3088 ut
893 3039 1143 3089 deliciis
1188 3054 1339 3101 quam
1370 3046 1429 3087 ut
1462 3042 1715 3089 alimentis
1742 3041 2025 3103 famuletur
2053 3040 2249 3087 nostris.

154 3108 336 3157 Ambr.
361 3107 424 3155 de
446 3106 638 3169 paenit.
668 3120 688 3153 1
709 3108 736 3165 ς
755 3106 820 3154 42
855 3104 1192 3154 deliciosus
1215 3141 1227 3154 .
1259 3143 1272 3155 .
1304 3138 1318 3152 .
1342 3111 1392 3153 et
1414 3105 1629 3167 fastidii
1645 3106 1839 3166 plenus.
1890 3104 1953 3153 ef.
1982 3102 2087 3152 ind.
2117 3103 2249 3153 Plin.

153 3172 370 3235 Dryden
393 3179 405 3200 ‘
421 3172 547 3234 they
567 3173 708 3219 must
733 3171 794 3219 be
817 3169 1263 3230 finished·pieces.’
1871 3168 1986 3225 292
2019 3180 2253 3217 runem

156 3252 366 3288 omnm·
398 3250 596 3284 mrem
626 3250 782 3283 mnu
814 3236 968 3283 Hom.
995 3234 1089 3283 Od.
1112 3248 1166 3282 vx
1191 3235 1383 3283 los-8
1416 3247 1473 3282 as
1507 3232 1732 3281 Artemis
1766 3232 1952 3283 strides
1987 3231 2133 3281 down
2160 3230 2251 3281 the

154 3303 258 3351 hill
295 3305 486 3365 γέγηθε
519 3304 572 3350 δέ
608 3319 664 3349 τε
703 3302 853 3363 φρένα
883 3298 1040 3357 Λητώ.
1077 3298 1170 3349 she
1191 3302 1370 3347 towers
1404 3298 1562 3348 above
1595 3297 1666 3346 all
1698 3296 1791 3345 her
1821 3296 2044 3358 nymphs
2074 3296 2141 3357 by
2161 3296 2251 3345 the

153 3366 298 3417 head
329 3366 438 3415 and
466 3364 750 3422 shoulders,
763 3406 770 3413 .
785 3363 888 3413 and
920 3364 968 3411 is
999 3363 1337 3425 conspicuous
1372 3376 1559 3423 among
1590 3362 1677 3421 all,
1704 3360 1901 3422 though
1933 3362 2005 3409 all
2026 3375 2113 3411 are
2133 3360 2249 3414 fair.

155 3433 286 3482 Aen.
313 3446 336 3481 1
359 3432 616 3481 498—502
649 3445 706 3477 as
729 3445 797 3478 on
817 3429 909 3478 the
926 3428 1094 3477 banks
1127 3428 1180 3477 of
1210 3428 1433 3476 Eurotas
1466 3442 1523 3475 or
1554 3426 1722 3487 ridges
1741 3426 1796 3474 of
1816 3425 2049 3487 Cynthus
2082 3424 2251 3476 Diana

153 3496 303 3546 leads
343 3496 440 3544 the.
469 3495 646 3553 dance,
687 3491 1054 3555 encompassed
1091 3492 1157 3555 by
1195 3507 1226 3543 a
1261 3490 1523 3541 thousand
1557 3490 1765 3547 Oreads,
1800 3491 1893 3538 but
1920 3490 2012 3539 she
2044 3492 2251 3551 outtops

153 3561 306 3611 them
339 3561 434 3609 all:
474 3560 750 3609 Latonae
785 3558 1511 3619 tacitumpertemptant
1546 3554 1766 3616 gaudia
1799 3557 2033 3616 peetus.
2226 3602 2233 3607 ,

158 3625 278 3684 293
326 3639 578 3675 monum
609 3623 723 3673 Iziv.
747 3638 769 3673 1
791 3625 853 3675 57
893 3625 919 3682 ἕ
945 3623 1008 3671 10
1041 3636 1136 3671 uc.
1169 3623 1264 3671 510
1299 3622 1415 3672 Sex.
1452 3618 1761 3680 Tarquinius
1794 3634 1895 3668 was
1932 3618 2105 3670 seized
2124 3618 2251 3669 with

155 3706 190 3739 a
223 3689 389 3752 guilty
408 3688 617 3751 passion
638 3688 718 3737 sor
738 3686 1004 3737 Lucretia:
1038 3702 1150 3735 cum
1179 3687 1333 3735 form
1343 3700 1391 3742 a,
1427 3692 1530 3733 tum
1560 3691 1783 3745 spectata
1813 3687 2021 3734 castitas
2045 3685 2246 3739 incitat.

157 3754 272 3804 The
307 3756 449 3815 story
468 3753 516 3801 is
537 3752 824 3814 admirably
843 3749 952 3800 told
971 3750 1039 3801 ib.
1067 3753 1228 3802 57—8
1251 3749 1354 3798 and
1374 3750 1441 3811 by
1464 3749 1556 3797 Ov.
1580 3747 1617 3795 f.
1642 3762 1686 3799 11
1710 3749 1985 3798 721—852:
2022 3748 2247 3797 authori-

156 3818 260 3868 ties
283 3817 342 3866 in
367 3817 647 3878 Schwegler
679 3831 700 3865 1
725 3816 818 3869 776
850 3830 905 3864 n.
930 3815 974 3866 5.
1049 3814 1335 3863 Tertullian
1360 3813 1571 3876 (exhort.
1600 3814 1725 3860 cast.
1752 3812 1828 3861 18.
1853 3826 2053 3873 monog.
2082 3812 2159 3863 17.
2182 3812 2249 3860 ad

156 3884 310 3933 mart.
334 3881 388 3944 4)
412 3880 661 3943 applauds
681 3880 779 3931 her
799 3878 1018 3938 suicid03
1053 3893 1110 3929 so
1133 3878 1344 3929 Hieron.
1374 3876 1489 3929 adv.
1510 3875 1675 3927 Iovin.
1705 3890 1726 3927 1
1748 3876 1811 3929 49
1846 3877 1958 3939 fin.;
1992 3878 2121 3937 Aug.
2145 3874 2241 3929 civ.
