2725 4317
458 252 603 323 390
1081 240 1318 296 TEARS.
1394 242 1710 305 SQUALOR
1750 242 1887 295 REI.
2106 242 2228 307 [XV
2261 243 2557 303 133—135

463 387 908 450 imperaturum
930 424 944 439 .
972 424 986 439 .
1015 425 1027 439 .
1057 389 1136 449 54
1171 389 1411 438 hominem
1443 391 1578 439 nihil
1602 392 1730 440 scire
1749 393 1852 440 nisi
1881 392 2130 451 doctrina,
2160 409 2270 443 non
2288 396 2430 457 sari,
2458 407 2557 445 non

464 454 676 515 inm-edi,
700 466 798 502 non
820 454 967 511 vesci,
996 451 1394 515 breviterque
1427 468 1547 502 non
1581 455 1757 504 aliud
1787 458 2046 504 naturae
2081 462 2344 518 sponte,
2380 474 2553 520 quam

472 515 643 564 flere.
708 516 774 564 of.
801 514 919 565 Seu.
943 530 1084 565 oona.
1108 517 1281 578 Polyb.
1307 519 1467 565 4:23
1491 521 1518 578 5
1538 519 1586 567 3.
1651 533 1793 569 eone.
1816 519 1970 568 Mare.
1998 520 2057 567 11
2083 524 2112 581 5
2132 522 2166 569 4
2191 522 2368 571 fletu
2399 527 2554 572 vitan

462 582 789 641 auspicatum.
855 580 999 629 anth.
1024 579 1132 629 Pal.
1163 595 1197 628 x
1233 581 1313 630 84.
1356 582 1598 630 “Nature
1629 596 1754 643 gave
1785 598 1907 630 men
1944 587 2082 632 teate
2116 585 2231 634 and
2276 587 2471 647 speech
2498 591 2553 635 to

465 642 777 705 distinguish
807 642 951 692 them
980 644 1115 693 from
1140 644 1343 693 beasts’'
1366 645 1621 706 Theophr.
1647 646 1699 710 (ἲ
1722 649 1885 695 motto
1906 649 1960 696 to
1990 647 2080 696 the
2109 650 2318 712 patr-iot
2347 651 2553 699 Arndt’s

466 707 612 756 Geist
634 708 723 756 der
745 707 856 756 Zeit
878 709 1041 769 1806).
1253 710 1361 767 133
1395 723 1528 757 mc
1547 723 1731 758 noenu
1752 723 1874 759 rma
1896 724 2086 759 ortum
2110 726 2318 762 sunaus
2341 715 2553 775 proverb

464 770 523 820 in
556 772 745 821 Zenob.
783 785 806 820 1
841 773 902 821 14
946 775 1119 835 ἀγαθοὶ
1163 771 1204 822 δ’
1239 773 1510 835 ἀριδάκρυες
1555 776 1729 835 ἄνδρες·
1768 778 1847 824 ἐπὶ
1881 779 1974 823 τῶν
2014 779 2208 837 σφόδρα.
2258 783 2388 838 πρὸς
2424 783 2552 827 ἔλεον

463 837 714 899 ῥεπόντων.
768 836 993 885 Leutseh
1013 836 1139 886 cites
1158 837 1282 887 Eur.
1306 837 1424 885 Hel.
1449 838 1560 887 950.
1623 838 1722 886 Ino
1744 838 1804 888 fr.
1835 839 1912 887 16.
1978 839 2195 899 Quintil.
2222 841 2364 889 decl.
2389 844 2422 892 9
2447 844 2551 903 513

466 901 519 948 of
539 906 721 950 nature
733 908 932 964 praeter
951 908 1114 950 cetera
1136 903 1383 950 animalia
1404 903 1573 950 induit
1601 904 1784 950 nostris
1797 905 2075 964 pectoribus
2100 908 2387 964 quamdam
2408 910 2550 955 socie-

468 972 633 1023 tatem,
668 982 793 1027 quae
826 973 992 1013 mutuo
1022 966 1236 1026 qaudere
1270 980 1542 1026 conyressu,
1584 967 1870 1014 contrahere
1896 969 2122 1028 populos,
2155 972 2383 1018 condere
2416 973 2550 1019 urbes

466 1030 676 1089 edocuit,
712 1037 760 1079 ct
783 1045 893 1079 cum
920 1031 1158 1077 mentibus
1180 1032 1359 1077 nostris
1388 1031 1555 1078 varios
1584 1031 1871 1090 imposuerit
1901 1040 2072 1088 motus,
2099 1034 2307 1080 nullum
2326 1035 2550 1096 profecto

466 1096 710 1142 meliorem
740 1092 1175 1142 benevolentia
1208 1095 1388 1142 tribuit
1409 1093 1672 1153 adfectum.
2013 1094 2124 1151 134
2156 1109 2332 1144 rumu-
2367 1101 2553 1146 natum

466 1158 532 1206 of.
559 1159 666 1209 138.
1424 1156 1533 1214 134
1562 1157 1670 1214 135
1705 1169 1902 1206 causus
1932 1170 2172 1205 mcnnrxs
2206 1173 2373 1209 mor
2409 1175 2550 1216 sons-

467 1235 745 1277 Lounuoun
778 1235 870 1270 12131
902 1220 987 1271 i.e.
1017 1234 1088 1281 sq·
1120 1234 1217 1269 am.
1241 1234 1316 1269 ca.
1341 1219 1556 1268 dicentis
1578 1220 1768 1282 reique.
1801 1221 1928 1269 Hor.
1953 1236 1996 1269 e.
2020 1236 2064 1269 11
2088 1223 2151 1272 19
2175 1224 2244 1270 28
2260 1228 2424 1284 pacis
2448 1241 2550 1273 eras

466 1287 776 1347 mediusque
811 1287 940 1335 belli.
971 1297 1035 1332 111
1060 1286 1087 1331 l
1112 1285 1173 1331 12
1200 1287 1413 1332 moribus
1439 1285 1520 1332 hic
1545 1285 1838 1344 meliorque
1860 1287 2019 1347 sama.
2073 1286 2126 1333 It
2145 1286 2191 1333 is
2215 1287 2399 1336 better
2420 1289 2551 1337 how-

468 1363 599 1409 ever,
626 1349 751 1397 with
772 1347 1117 1404 Friedliinder,
1141 1350 1195 1395 to
1219 1350 1391 1407 accept
1415 1347 1609 1396 Kiaer’s
1632 1348 1764 1396 coni.
1786 1351 2061 1410 squalorem
2080 1364 2251 1403 noun·
2276 1354 2378 1399 rei.

762 1426 958 1460 omem
991 1425 1229 1459 mcmvns
1262 1425 1456 1466 amour:
1491 1411 1589 1460 Cio.
1611 1426 1666 1460 re
1688 1426 1738 1473 p.
1761 1427 1795 1460 v
1817 1415 1844 1460 l
1871 1413 1945 1472 (in
1967 1414 2094 1473 Aug.
2120 1428 2161 1463 e.
2190 1414 2262 1462 D.
2287 1429 2332 1462 11
2359 1417 2427 1463 21
2452 1419 2549 1477 53)

467 1478 607 1524 cuius
633 1477 763 1524 tanti
783 1477 906 1523 mali
926 1490 1026 1523 non
1047 1476 1186 1523 modo
1215 1477 1467 1523 reddenda
1487 1478 1620 1523 ratio
1641 1478 1791 1533 nobis,
1823 1479 1911 1524 sed
1942 1478 2092 1525 etiam
2125 1485 2393 1539 tamquam
2425 1480 2551 1528 reia

467 1542 650 1601 capitis
673 1542 883 1602 quodam
908 1540 1047 1587 modo
1080 1538 1343 1587 dicenda
1375 1553 1563 1587 eausa
1593 1546 1681 1587 est.

1168 1604 1275 1661 135
1309 1616 1614 1657 sommium
1644 1618 1737 1651 mu
1767 1617 1842 1651 vn
1865 1604 1958 1652 146
1980 1619 2032 1652 n.
2100 1604 2206 1652 Cic.
2230 1605 2391 1654 Brut.
2418 1610 2447 1667 5
2470 1610 2551 1658 90.

468 1670 597 1717 orat.
622 1668 782 1728 5131.
836 1682 888 1728 Ρ.
910 1665 1091 1715 Flacco
1134 1669 1161 1726 5
1194 1667 1303 1715 106.
1360 1680 1411 1727 Ρ.
1446 1666 1554 1715 Mil.
1598 1670 1625 1727 5
1654 1669 1715 1717 92
1751 1668 1812 1716 el.
1878 1669 2013 1716 Plut.
2049 1667 2152 1716 Cic.
2175 1671 2260 1717 35.
2327 1670 2555 1720 Porcius

467 1733 623 1781 Latro
651 1731 707 1779 in
731 1732 849 1781 Seu.
880 1734 1043 1779 contr.
1073 1732 1137 1779 30
1165 1735 1192 1791 5
1220 1734 1249 1781 7
1277 1746 1372 1792 per
1405 1732 1495 1778 has
1528 1730 1836 1791 lacrimae,
1877 1747 1968 1792 per
1999 1734 2125 1780 hunc
2156 1734 2551 1793 squalorem,

468 1812 557 1858 per
600 1798 719 1845 haec
761 1794 1124 1843 necessaria
1175 1794 1460 1843 omnibus
1503 1794 2027 1854 periclitantibus
2081 1795 2551 1847 instrumenta.

467 1862 518 1909 It
539 1875 642 1909 was
665 1860 779 1908 said
809 1860 862 1908 of
895 1858 1062 1920 Scipio
1083 1859 1356 1907 Africanus
1376 1858 1546 1906 Minor
1581 1858 1729 1914 (Gen.
1754 1872 1818 1905 111
1840 1860 1871 1906 4
1892 1862 1918 1919 5
1942 1857 1988 1922 1)
2021 1858 2137 1907 that
2169 1859 2236 1907 he
2269 1876 2386 1908 cum
2422 1871 2555 1910 esset

466 1939 631 1983 reue,
662 1939 819 1986 neque
864 1923 1115 1972 barbam
1164 1922 1410 1970 desisse
1451 1921 1587 1970 radi
1624 1937 1775 1985 neque
1812 1938 1908 1971 non
1939 1922 2207 1971 eandida
2243 1927 2432 1973 veste
2466 1929 2553 1974 uti

466 2004 620 2049 neque
649 1990 811 2050 fuisse
850 1987 1027 2036 cultu
1060 1986 1258 2035 solito
1288 1999 1550 2035 reorum.
1617 1986 1828 2045 Quintil.
1856 2000 1910 2033 xv
1941 1988 1968 2033 1
1999 1988 2110 2046 528
2143 1987 2426 2036 differenee
2460 1990 2551 2038 be-

369 2087 376 2095 .
468 2056 632 2101 tween
654 2053 854 2113 preface
884 2051 987 2099 and
1015 2051 1244 2112 epilogue
1279 2051 1410 2111 quod
1444 2052 1502 2098 in
1529 2052 1754 2110 inm-essu
1774 2052 1976 2110 parcius
2010 2059 2058 2099 et
2089 2052 2356 2099 modestius
2387 2068 2552 2113 prae-

470 2118 752 2178 temptanda
782 2119 851 2164 sit
883 2117 1068 2163 iudicis
1100 2115 1456 2172 misericordia,
1494 2115 1553 2162 in
1583 2116 1773 2174 epilogo
1803 2128 1917 2162 vero
1952 2116 2100 2162 liceat
2132 2121 2256 2162 totos
2287 2117 2552 2176 effundere

469 2183 691 2243 adjectus
713 2189 763 2228 et
783 2182 960 2241 fictam
982 2180 1250 2227 orationem
1269 2179 1474 2226 induere
1493 2180 1717 2239 personis
1741 2185 1789 2226 et
1811 2179 2062 2239 defunctos
2084 2180 2302 2226 excitare
2326 2187 2373 2226 et
2410 2180 2548 2241 pig-

469 2258 626 2292 nora
660 2258 904 2292 reorum
934 2242 1289 2304 producere.
1358 2255 1411 2288 VI
1433 2242 1596 2301 1533
1617 2248 1673 2289 at
1692 2243 1853 2289 sordes
1875 2248 1924 2289 et
1955 2241 2311 2301 squalorem
2343 2251 2394 2290 et
2421 2260 2547 2305 pro·

463 2310 766 2370 pinquorum
796 2322 983 2368 quoque
1011 2308 1221 2354 similem
1253 2307 1478 2354 habitum
1505 2308 1606 2353 scio
1628 2306 1876 2366 profuisse
1907 2313 1955 2353 et
1982 2320 2212 2366 maynum
2232 2308 2302 2353 ad
2323 2309 2546 2356 salutem

467 2378 754 2420 momentum
779 2386 945 2431 preces
980 2372 1235 2418 adtulisse.
1301 2384 1456 2431 quare
1489 2375 1537 2416 et
1569 2371 1836 2417 obsecratio
1867 2371 1965 2417 illa
1995 2371 2219 2417 iudicum
2248 2384 2343 2429 per
2374 2374 2543 2419 caris·

466 2438 596 2482 sima
622 2437 853 2494 pignora,
880 2437 1051 2496 utique
1073 2436 1119 2481 si
1142 2441 1189 2481 et
1209 2448 1292 2482 reo
1312 2436 1418 2481 sint
1441 2434 1586 2481 liberi
1616 2434 1798 2481 coniux
1820 2440 2067 2494 parentes,
2102 2435 2246 2480 utilis
2282 2437 2397 2491 erit,
2431 2472 2446 2484 .
2479 2473 2491 2484 .
2520 2473 2532 2485 .

469 2502 496 2558 5
516 2498 579 2545 34
608 2505 819 2546 stratum
847 2499 1053 2558 denique
1087 2500 1248 2546 iacere
1279 2503 1328 2545 et
1356 2511 1521 2558 yenua
1548 2499 1815 2558 complecti.
1885 2511 1940 2543 11
1962 2498 1991 2543 3
2014 2500 2040 2556 5
2063 2497 2157 2547 174
2177 2497 2222 2543 it
2242 2496 2460 2558 belongs
2483 2504 2539 2547 to

468 2563 557 2609 the
579 2560 866 2621 peroration
886 2575 1023 2608 reos
1057 2562 1351 2622 excitare,
1389 2574 1613 2621 pueros
1648 2561 1957 2619 attollere,
1985 2560 2376 2620 propinquos
2399 2576 2539 2621 pro-

469 2626 704 2683 ducere,
742 2633 895 2673 vestes
932 2626 1141 2673 laniare.
1208 2624 1311 2673 Ios·
1347 2626 1451 2674 ant.
1489 2637 1576 2671 xlv
1608 2625 1637 2673 9
1670 2627 1697 2683 5
1717 2627 1749 2670 4
1780 2638 1828 2685 Ρ.
1853 2624 1945 2673 541
1974 2625 2037 2673 49
2069 2624 2222 2674 Dind.
2262 2626 2361 2675 τᾶς
2402 2629 2538 2676 ὅστις

472 2688 639 2749 δήποτ’
666 2692 745 2737 οὖν
777 2692 972 2750 ἀφῖκται
1001 2691 1064 2739 εἰς
1092 2691 1233 2737 τοῦτο
1260 2693 1317 2737 τὸ
1346 2690 1582 2750 συνέδριον
1613 2690 1956 2750 κριθησόμενος,
1985 2691 2201 2738 ταπεινὸς
2236 2692 2537 2748 παρίσταται

471 2758 549 2802 καὶ
572 2756 786 2814 σχήματι
809 2755 1063 2802 δεδοικότος
1084 2756 1162 2800 καὶ
1193 2756 1363 2801 ἔλεον
1398 2754 1734 2813 θηρωμένου
1766 2752 1877 2815 παρ’
1911 2754 2062 2812 ἡμῖν,
2098 2754 2279 2810 κόμην
2311 2770 2376 2800 τε
2408 2757 2537 2801 ἐτι-

471 2821 693 2881 θρέψας
741 2821 838 2865 καὶ
888 2819 1114 2877 ἐσθῆτα
1160 2820 1451 2875 μέλαιναν
1493 2818 1890 2874 ἐνδεδυμένος.
1957 2816 2050 2863 but
2091 2815 2283 2872 Herod,
2331 2816 2537 2878 though

469 2881 683 2930 aceused
710 2882 763 2930 of
792 2880 1013 2938 murder,
1044 2894 1187 2928 camo
1217 2880 1274 2926 in
1303 2879 1500 2940 purple,
1532 2879 1656 2927 with
1676 2879 1760 2927 his
1781 2879 1897 2928 hair
1916 2879 2173 2939 trimmed,
2206 2882 2260 2927 at
2280 2879 2372 2927 the
2394 2880 2537 2930 head

469 2947 522 2994 of
544 2950 732 3006 troope.
767 2945 915 2993 Mart.
939 2959 975 2992 x
994 2944 1057 2993 36
1080 2946 1110 2992 3
1131 2944 1315 2992 barba
1342 2957 1597 2993 reorum.
1638 2943 1773 2993 Ma1.
1804 2943 1921 3004 Tyr.
1945 2958 2015 2993 or.
2045 2945 2104 2990 11
2128 2947 2154 3003 5
2177 2945 2206 2993 7
2230 2942 2284 2990 of
2303 2957 2338 2991 a
2359 2943 2536 2993 divino

467 3009 621 3071 judgo
648 3012 908 3069 ,ἐξεταστὴς
940 3012 1018 3057 καὶ
1049 3010 1276 3069 λογιστὴς
1305 3009 1541 3068 ἐφέστηκε
1571 3010 1672 3056 ταῖς
1701 3009 1905 3056 ἑκάστου
1933 3009 2091 3067 εὐχαῖς
2119 3009 2299 3065 πικρός,
2331 3011 2537 3058 εὐθύνων

468 3072 538 3135 τῷ
557 3076 641 3121 τοῦ
663 3076 980 3135 συμφέροντος
1009 3075 1165 3133 μέτρῳ
1192 3075 1254 3119 τὰ,
1283 3075 1364 3119 ad·
1400 3074 1506 3120 οὐδὲ
1528 3074 1668 3119 αὐτὸν
1695 3074 1984 3132 μεταχειριεῖ
2013 3072 2535 3133 ἀναβιβασάμενος

472 3139 667 3200 ὥσπερ
699 3140 783 3186 εἰς
817 3138 1199 3198 δικαστήριον
1240 3137 1342 3185 τὰς
1375 3137 1591 3196 ὀρέξεις
1632 3136 1735 3184 τὰς
1777 3136 1882 3184 σὰς
1923 3137 2154 3183 ἐλεεινὰ
2196 3138 2532 3197 φθεγγομέ-

470 3218 584 3259 νας,
631 3204 921 3261 οῐκτειρον
948 3201 1197 3260 βοώσας,
1242 3201 1468 3257 πολλὴν
1499 3202 1606 3257 τὴν
1643 3200 1798 3246 κόνιν
1837 3201 2281 3259 καταχεομένας
2310 3203 2415 3259 τῆς
2448 3219 2533 3250 κε·-

471 3267 673 3325 φαλῆς.
749 3263 970 3313 Salv-ian.
1006 3276 1084 3324 ep.
1106 3263 1138 3309 4
1168 3265 1194 3321 5
1218 3262 1277 3310 15
1308 3264 1441 3310 after
1466 3261 1555 3311 the
1575 3261 1740 3309 words
1767 3261 1902 3309 cited
1932 3275 2009 3309 vn
2030 3262 2122 3310 146
2145 3276 2200 3310 n.
2245 3265 2442 3311 scilicet
2473 3272 2533 3312 ut

469 3330 558 3390 qui
578 3330 834 3390 superiora
855 3341 1033 3375 causae
1054 3328 1214 3374 verbis
1234 3328 1337 3373 iam
1359 3332 1700 3385 exoraverant,
1721 3328 1998 3386 posteriora
2017 3328 2159 3373 rebus
2180 3328 2304 3386 ipsis
2319 3341 2531 3387 perora-

467 3400 591 3441 rent.
662 3390 763 3449 dig.
786 3404 927 3438 xnvn
954 3391 1016 3438 10
1036 3391 1098 3439 39
1131 3392 1370 3437 vestem
1401 3388 1713 3437 sordidam
1743 3391 1817 3437 rei
1838 3391 2030 3437 nomine
2051 3392 2109 3437 in
2121 3392 2324 3450 publico
2351 3392 2530 3439 habere

468 3455 848 3516 capillumve
892 3454 1291 3503 summittere
1334 3456 1467 3501 nulli
1501 3455 1632 3511 licet,
1665 3454 1768 3500 nisi
1799 3454 1877 3500 ita
1913 3455 2200 3501 coniunctus
2239 3461 2313 3501 est
2345 3456 2531 3517 adfini-

468 3523 583 3576 tati,
605 3526 663 3567 ut
683 3520 874 3566 invitus
896 3521 952 3567 in
971 3532 1105 3566 reum
1126 3519 1454 3565 testimonium
1474 3519 1635 3565 dicere
1657 3518 1765 3576 coyi
1787 3531 1886 3565 non
1899 3520 2068 3578 possit.
2121 3518 2184 3566 ef.
2209 3515 2279 3568 ib.
2310 3519 2374 3566 15
2397 3525 2426 3578 5
2446 3520 2525 3569 27.

470 3581 763 3643 Marquardt
784 3596 815 3629 v
839 3584 909 3643 (2)
933 3583 1043 3630 201.
1110 3581 1298 3630 Savaro
1318 3595 1389 3632 on
1414 3580 1586 3630 Sidon.
1613 3594 1693 3640 ep.
1717 3594 1738 3627 1
1763 3583 1790 3631 7
1813 3594 1864 3639 p.
1887 3582 1968 3628 53.
2030 3631 2033 3636 ,

469 3659 731 3694 Purmnuu
748 3646 959 3706 Quintil.
976 3658 1030 3694 vr
1053 3646 1082 3692 2
1106 3648 1132 3704 5
1155 3644 1217 3691 14
1239 3647 1476 3705 amongst
1496 3645 1784 3693 coniunctae
1804 3648 2014 3692 maxime
2028 3657 2285 3706 personae,
2302 3644 2529 3694 between

468 3710 638 3757 father
660 3708 764 3757 and
783 3723 878 3756 son
907 3723 976 3756 on
1004 3708 1095 3756 the
1126 3722 1224 3755 one
1258 3707 1384 3765 eide,
1407 3706 1643 3756 husband
1673 3706 1777 3754 and
1795 3706 1910 3755 wife
1931 3722 1998 3755 on
2026 3707 2124 3755 .the
2156 3707 2322 3768 other,
2350 3713 2528 3758 tutoris

463 3772 701 3824 adversus
732 3772 1039 3833 pupillum
1062 3805 1076 3822 .
1103 3803 1117 3819 .
1143 3804 1157 3821 .
1179 3773 1465 3831 moderatio.
1503 3785 1560 3820 11
1587 3773 1615 3820 1
1646 3774 1672 3833 5
1702 3771 1764 3824 59
1796 3785 1885 3821 nec
1917 3773 2149 3821 causanti
2179 3772 2427 3834 pupillo
2456 3777 2528 3826 sic
