2725 4317
764 1046 1246 1109 IUVENALIS
1299 1046 1672 1119 EPHIOUS
1768 1100 1773 1107 .

292 1326 358 1383 O.
406 1324 590 1383 Barth
638 1326 861 1385 advers.
906 1343 971 1385 VI
1017 1328 1044 1383 1
1091 1328 1190 1386 fin.
1276 1320 1735 1385 Iuvenalis...ex
1780 1327 2027 1385 materia
2074 1348 2249 1405 quam

154 1428 404 1493 tractat,
461 1422 693 1479 satirico
747 1423 864 1480 sale
916 1423 1080 1495 vitia,
1134 1423 1477 1499 plerumque
1530 1429 1885 1498 magnatum,
1936 1425 2247 1494 insectans,

155 1532 429 1574 E‘rmcus
476 1516 666 1573 dictus
714 1523 819 1574 est.
902 1518 979 1574 id.
1023 1538 1100 1574 on
1142 1518 1204 1575 N
1206 1518 1481 1574 amatian.
1514 1534 1539 1574 1
1588 1518 1703 1574 604
1748 1534 2067 1575 luvnxAms
2110 1538 2248 1575 sane

153 1612 596 1669 eruditissimus
640 1614 902 1687 scriptor,
951 1612 1416 1688 elegantissimus
1462 1620 1634 1689 poe'ta
1677 1619 1738 1670 et
1776 1633 1979 1671 censor
2018 1634 2245 1671 morum

154 1706 501 1765 liberrimus
541 1714 602 1763 et
640 1709 1027 1765 acutissimus
1111 1726 1337 1765 summo
1377 1708 1567 1784 pretio
1606 1708 1952 1784 antiquitati
1989 1709 2242 1765 habitus,

153 1824 193 1858 a
246 1821 367 1877 quo
410 1803 673 1860 nasutuli
718 1805 905 1860 nostri
952 1804 1231 1879 temporis
1273 1804 1419 1861 adeo
1458 1804 1713 1861 futiliter
1758 1804 2127 1873 dissentiunt,
2178 1811 2248 1860 ut

153 1900 346 1955 etiam
398 1897 754 1971 latinitatem
807 1898 1060 1955 hominis
1115 1906 1237 1955 tam
1292 1898 1585 1975 praeclare
1638 1899 1794 1955 docti
1846 1906 1908 1955 et
1959 1898 2247 1975 ingeniosi

153 1994 500 2068 vituperare
554 1994 823 2051 audeant.
909 1996 980 2052 de
1034 2014 1152 2071 quo
1203 1996 1384 2052 latius
1436 2012 1544 2050 nos
1596 1995 1739 2051 alibi
1792 1995 2070 2053 disserere
2122 2016 2245 2053 non

153 2089 393 2146 vetabit
447 2090 685 2147 illorum
740 2091 812 2147 de
865 2110 926 2147 se
978 2090 1122 2167 ipsis
1176 2091 1393 2166 opini0,
1439 2106 1599 2166 ‘quae
1650 2096 1723 2147 ut
1780 2092 2123 2166 praecipites
2177 2093 2242 2148 in

151 2185 412 2241 aliorum
459 2192 856 2262 contemptum
902 2205 998 2242 eos
1044 2186 1184 2261 agit,
1229 2186 1318 2241 ita
1365 2186 1707 2242 domesticos
1750 2205 1965 2241 naevos
2006 2206 2243 2261 prorsus

149 2281 517 2357 perpendere
578 2300 698 2338 non
758 2283 1000 2356 patitur.
1113 2282 1446 2337 nuditatem
1508 2280 1790 2337 sermonis
1845 2287 1905 2337 et
1958 2280 2239 2338 vitiorum

150 2376 326 2433 velut
383 2376 596 2434 exinde
649 2378 1016 2452 disciplinam
1071 2383 1320 2452 carpunt
1373 2376 1489 2433 viri
1542 2376 1879 2434 doctissimi.
1978 2382 2043 2433 at
2094 2378 2239 2434 talia

149 2474 538 2531 describenda
563 2481 716 2545 sunt,
747 2484 818 2531 ut
851 2474 1062 2531 evitari
1097 2494 1164 2531 eo
1198 2473 1409 2530 melius
1435 2474 1678 2549 possint,
1710 2474 2003 2531 sententia
2031 2474 2239 2531 Dionis

150 2570 576 2645 chrysostomi,
623 2572 790 2627 cuius
832 2570 956 2647 lege
1004 2570 1326 2627 orationem
1375 2570 1467 2639 31,
1513 2589 1661 2645 quae
1702 2570 2003 2627 Rhodiaca
2042 2570 2239 2627 inscri-

147 2667 332 2723 bitur.
421 2666 750 2723 aestimatio
790 2673 988 2723 autem
1025 2666 1328 2722 Iuvenalis
1360 2666 1540 2722 etiam
1574 2666 1647 2722 ad
1676 2672 1937 2723 extrema
1972 2671 2236 2741 tempora

147 2762 410 2818 duravit.
496 2762 688 2819 media
729 2762 886 2819 enim
925 2762 1194 2818 barbaria
1224 2780 1329 2837 per
1363 2762 1769 2819 excellentiam
1806 2777 2016 2819 Ermcr
2058 2762 2235 2820 titulo

146 2857 391 2926 citatur,
449 2858 692 2914 summis
739 2856 1098 2933 philosophis
1147 2865 1532 2933 comparatuS,
1579 2864 1649 2915 ut
1691 2879 1727 2915 a
1774 2858 1999 2915 Ioanne
2055 2858 2235 2915 Saris-

143 2952 423 3025 beriensi,
473 2952 672 3009 Alano
714 2959 775 3009 et
817 2955 941 3010 eius
989 2953 1218 3028 generis
1259 2972 1380 3010 non
1427 2954 1623 3028 paucis
1669 2954 1977 3030 philologis
2032 2974 2233 3011 eorum

142 3054 498 3123 temporum.

267 3144 416 3201 This
463 3150 777 3201 statement
823 3144 928 3201 has
970 3146 1119 3201 been
1159 3145 1433 3219 repeated
1473 3144 1554 3219 by
1594 3145 1911 3216 FabriciuS,
1956 3146 2225 3221 Ruperti,

138 3240 499 3312 Achaintre,
556 3240 842 3312 Francke,
899 3240 1134 3311 Weber,
1195 3240 1369 3297 Corn.
1415 3240 1650 3312 Miiller,
1710 3239 2060 3316 Bernhardy
2112 3246 2229 3299 ancl

138 3355 328 3410 many
355 3336 568 3392 otherS.
653 3334 902 3410 Having
941 3354 1076 3391 seen
1115 3354 1339 3406 reason,
1385 3336 1543 3393 since
1582 3355 1684 3410 my
1722 3338 1851 3393 first
1890 3336 2131 3409 edition,
2162 3344 2227 3395 to

136 3431 335 3487 doubt
389 3429 653 3486 whether
706 3429 840 3487 Iuv.
888 3448 1007 3485 was
1059 3429 1125 3485 in
1178 3448 1296 3505 any
1346 3432 1643 3489 exclusive
1686 3449 1853 3487 sense
1898 3430 2112 3489 known
2161 3453 2225 3492 as

134 3524 377 3596 ethicus,
411 3524 446 3580 1
472 3524 858 3583 hav0100ked
885 3525 1143 3601 through
1177 3525 1280 3583 the
1310 3511 1503 3583 §forks
1530 3527 1597 3583 of
1628 3526 1792 3583 John
1820 3526 1889 3583 of
1920 3527 2225 3604 salisbury

132 3620 255 3677 and
315 3620 496 3677 Peter
547 3620 615 3678 of
655 3620 832 3693 Blois,
881 3622 1014 3679 who
1061 3623 1397 3698 constantly
1442 3624 1558 3681 cite
1606 3623 1744 3679 him.
1855 3624 1946 3681 As
1985 3628 2221 3700 regards

128 3716 377 3773 Alanus
421 3716 493 3772 de
539 3714 762 3775 Insulis
815 3717 1050 3775 Barth's
1103 3720 1431 3777 wonderful
1471 3739 1734 3794 memor-y
1786 3720 1892 3777 has
1948 3722 2220 3781 deceived

125 3810 275 3869 him.
368 3812 467 3869 On
519 3814 766 3889 turning
817 3832 958 3871 over
1001 3814 1106 3873 the
1158 3814 1311 3873 1012
1361 3816 1623 3874 columns
1671 3817 1737 3873 of
1782 3817 1876 3875 his
1928 3818 2138 3890 workst,
2182 3820 2217 3876 I
