2725 4317
480 277 579 328 20
961 265 1270 319 sumu.
1336 264 1603 320 οΑΡιΤο.
1669 263 2072 314 ΡΒονιΝοΕε.
2201 261 2354 325 [vm
2373 261 2589 323 ρει-96

484 398 707 458 Ῥωμαῖοι
743 397 1029 450 κενώσαντες
1064 399 1440 461 καταλείψουσιν
1478 397 1625 448 αὑτὸν
1659 399 1855 475 ἐρημίας
1896 399 2122 460 βασιλέα.
2161 397 2232 446 ib.
2268 411 2302 446 v
2334 400 2365 446 8
2393 401 2420 458 5
2452 400 2484 445 2
2520 400 2595 448 ἔτι

488 465 587 527 γὰρ
633 465 791 525 παρῆν
837 466 1009 514 ἐσθίειν
1053 466 1106 512 ἐκ
1149 462 1244 511 τῶν
1290 465 1526 524 δημοσίων
1571 481 1725 512 xum
1763 466 1840 511 καὶ
1883 463 1950 511 ,τὸ
1998 464 2099 522 τῆς
2156 464 2387 513 πόλεως
2447 465 2595 522 αἷμα

496 532 708 577 πίνειν.
764 528 834 577 id.
876 530 983 577 ant.
1022 542 1112 577 xrv
1147 529 1209 577 15
1244 532 1271 589 ἕ
1308 530 1337 580 7
1374 526 1689 586 Machaerae,
1738 526 1798 575 in
1834 525 2108 575 command
2146 527 2202 575 oi
2243 529 2342 575 two
2385 527 2596 576 Roman

491 593 702 654 legions,
740 596 826 642 cut
860 592 1006 641 down
1039 593 1111 641 all
1138 592 1272 640 Jews
1296 592 1464 640 whom
1496 590 1565 639 he
1593 592 1722 649 met,
1756 590 1951 639 friends
1985 605 2044 639 as
2076 591 2190 640 well
2221 605 2278 639 as
2310 592 2435 641 foes.
2505 592 2592 640 On

491 657 658 706 which
690 656 866 706 Herod
898 657 1159 718 naturally
1192 655 1490 705 considered
1523 655 1639 704 that
1670 655 1739 704 he
1771 655 1877 704 had
1909 669 1979 704 no
2010 655 2141 704 need
2173 657 2228 704 of
2260 655 2387 704 such
2420 656 2591 717 allies,

492 725 538 772 ot
558 721 836 786 βλάψουσιν
875 724 1020 772 αὐτὸν
1056 722 1245 781 μᾶλλον
1278 722 1309 781 ἢ
1343 723 1453 771 τοὺς
1488 723 1755 779 πολεμίους.
1825 720 1907 768 On
1940 720 2031 769 the
2061 720 2280 782 severity
2300 720 2356 768 01
2385 720 2597 778 Roman

492 787 727 836 taxation
758 786 827 838 ib.
857 801 968 836 xvn
990 789 1021 836 2
1043 791 1069 849 §
1092 788 1137 839 2.

495 852 567 911 92
600 866 834 902 romum
869 852 1000 900 Plin.
1024 867 1104 914 ep.
1129 868 1195 902 ιιι
1219 855 1280 902 11
1303 858 1329 914 g
1352 856 1383 901 3
1416 861 1598 915 septem
1636 854 1813 900 amicis
1848 853 1969 900 meis
2008 858 2100 900 aut
2138 853 2315 901 occisis
2344 859 2437 900 aut
2469 853 2597 901 rele-

490 920 625 979 9atis
627 949 805 979 .....
844 924 915 965 tot
947 920 1084 966 circa
1120 934 1191 967 me
1228 917 1611 966 fulminibus
1645 918 1792 978 quasi
1828 918 2098 965 ambustus.
2164 916 2234 967 id.
2261 931 2381 978 pan.
2409 917 2474 965 90
2496 920 2523 977 5
2548 917 2596 966 5.

495 982 624 1031 Stat.
649 997 714 1031 111
736 985 766 1030 3
799 983 909 1031 158.
945 996 977 1030 v
1006 983 1037 1030 2
1073 983 1183 1032 102.
1251 980 1497 1031 Artemid.
1527 995 1571 1029 11
1604 983 1634 1030 9
1663 995 1715 1042 p.
1747 980 1839 1030 145
1868 980 2018 1029 Reiff.
2087 982 2153 1030 cf.
2189 996 2234 1031 ιι
2268 996 2320 1043 p.
2355 982 2450 1030 321
2485 982 2601 1033 τούς

495 1050 922 1098 καταδικασθέντας
958 1046 1009 1097 ἐν
1040 1050 1104 1109 τῇ
1133 1050 1359 1109 συνηθείᾳ
1396 1047 1736 1109 κεραυνοῦσθαί
1769 1054 1939 1107 φαμεν.

496 1114 570 1171 93
603 1126 776 1161 muro
811 1112 929 1161 Tac.
970 1127 1070 1162 1111
1106 1115 1168 1161 33
1203 1111 1643 1163 Cossutianum
1691 1110 2057 1172 Capitonem
2101 1111 2327 1162 Cilices
2361 1112 2599 1161 detule-

494 1180 641 1225 runt
679 1180 798 1238 [Am.
824 1178 908 1239 57]
941 1180 1242 1225 maculosum
1261 1178 1560 1238 foedumque
1589 1183 1640 1224 et
1673 1177 1804 1225 idem
1835 1178 1915 1224 ius
1948 1178 2194 1226 audaciae
2233 1180 2291 1225 in
2321 1178 2598 1237 provincia

495 1249 674 1299 ratum,
714 1244 845 1304 quod
882 1246 939 1290 in
976 1243 1094 1290 urbe
1131 1248 1413 1290 exercuerat
1432 1259 1450 1289 .·
1483 1242 1572 1289 sed
1602 1242 1859 1302 pervicaci
1898 1244 2212 1289 accusatione
2256 1243 2596 1304 conflictatus.

488 1314 733 1369 postremo
769 1308 1098 1368 defensionem
1132 1308 1298 1355 omisit
1327 1321 1388 1354 ac
1417 1308 1519 1366 leae
1551 1306 1938 1367 repetundarum
1958 1307 2224 1353 damnatus
2248 1314 2333 1353 est.
2402 1304 2483 1365 By
2502 1304 2599 1355 the

496 1371 840 1419 intervention
875 1370 930 1418 of
966 1370 1050 1419 his
1066 1431 1069 1432 ⁷
1084 1370 1451 1418 father-in-law
1481 1368 1763 1430 Tigellinus
1793 1368 1861 1417 he
1890 1368 2158 1418 recovered
2185 1369 2268 1417 his
2291 1371 2403 1418 seat
2425 1368 2483 1417 in
2503 1369 2600 1419 the

498 1438 672 1484 senate
708 1434 793 1497 (ib.
832 1448 921 1483 xrv
957 1436 1059 1497 48),
1098 1434 1198 1483 and
1233 1449 1333 1483 was
1370 1433 1666 1483 afterwards
1709 1447 1778 1482 an
1815 1447 2022 1482 accuser
2058 1434 2111 1481 oi
2149 1433 2375 1482 Thrasea
2406 1433 2601 1482 Paetus

500 1503 630 1561 (Iuv.
654 1514 689 1549 v
708 1500 774 1548 36
795 1499 873 1563 n.)
898 1512 998 1549 Am.
1025 1500 1086 1548 66
1108 1499 1225 1549 Tac.
1255 1499 1325 1548 ib.
1350 1500 1413 1547 21
1438 1498 1658 1559 Capito
1694 1498 2123 1556 Cossutianus,
2151 1506 2354 1561 praeter
2375 1500 2603 1547 animum

498 1567 567 1614 ad
594 1567 807 1629 flayitia
836 1568 1164 1627 praecipitem
1195 1566 1402 1625 iniquus
1444 1565 1709 1622 Thraseae,
1754 1564 1888 1625 quod
1925 1567 2225 1612 auctoritate
2261 1563 2365 1611 eius
2397 1562 2601 1611 conci·

499 1630 714 1687 disset,
749 1628 1025 1678 iuvantis
1060 1628 1327 1677 Cilicum
1359 1629 1616 1688 legatos,
1656 1627 1800 1675 dum
1833 1628 2197 1688 Capitonem
2228 1627 2599 1688 repetunda·

498 1709 629 1743 rum
660 1694 1076 1754 interrogant.
1160 1693 1225 1743 ib.
1270 1695 1348 1743 22.
1389 1692 1469 1740 26.
1510 1694 1589 1741 28.
1633 1694 1711 1742 33.
1803 1691 2092 1753 Quintilian
2124 1690 2472 1740 remembered
2508 1691 2602 1741 the

499 1760 621 1807 trial
642 1759 696 1807 of
718 1758 896 1820 Capito
917 1773 969 1807 vr
995 1759 1071 1819 13
1104 1758 1166 1807 14
1199 1760 1486 1819 eyreqieque
1521 1759 1664 1806 nobis
1703 1758 2101 1805 adulescentibus
2137 1758 2320 1805 dixisse
2354 1770 2601 1806 accusa-

500 1826 596 1873 tor
647 1822 1002 1872 Cossutiani
1052 1822 1382 1885 Capitonis
1435 1822 1717 1879 videbatur,
1763 1823 1949 1870 Graece
1996 1822 2206 1881 quidem,
2249 1822 2336 1869 sed
2373 1823 2433 1869 in
2469 1823 2601 1871 hunc

500 1904 705 1948 sensum,
734 1890 972 1937 erubescis
1000 1889 1257 1936 Gaesarem
1278 1889 1464 1935 timere.
1536 1886 1647 1934 One
1687 1885 1869 1946 Capito
1905 1884 2188 1945 plundered
2223 1884 2417 1933 Iudaea
2451 1885 2604 1934 Philo

500 1954 598 2014 leg.
623 1952 688 2002 ad
710 1952 898 2002 Gaium
919 1954 982 2001 30
1003 1966 1053 2014 p.
1083 1952 1176 2003 575
1201 1951 1270 1999 Μ.
2030 1963 2268 1997 Nuurroa
2299 1963 2331 1998 a
2351 1963 2604 2010 governor

502 2019 557 2066 of
578 2018 771 2075 Cilicia,
796 2016 1018 2078 perhaps
1038 2016 1127 2065 the
1149 2016 1415 2077 niggardly
1436 2014 1676 2063 Numitor
1697 2014 1752 2062 of
1771 2028 1849 2062 vu
1873 2014 1952 2065 74.

505 2083 580 2141 94
610 2096 818 2131 nuum
843 2095 1055 2130 omem:
1090 2081 1248 2130 schol.
1276 2082 1572 2143 spoliatores
1596 2082 1857 2128 latronum.
1929 2079 2011 2128 On
2034 2078 2123 2128 the
2145 2079 2386 2129 Isaurian
2405 2079 2607 2141 pirates

505 2162 590 2197 see
609 2146 864 2195 Ammian.
887 2161 974 2194 nv
995 2147 1039 2196 2.
1917 2159 2135 2194 cumcun
2169 2144 2408 2195 Philostr.
2439 2158 2517 2192 vu
2537 2146 2606 2194 23

506 2227 537 2260 a
556 2212 668 2260 rich
689 2211 901 2259 Cilician
921 2210 967 2259 is
989 2211 1160 2260 forced
1182 2213 1236 2259 to
1258 2210 1403 2258 bribe
1423 2210 1698 2259 informers
1727 2209 1831 2258 and
1863 2209 2061 2257 officers
2082 2209 2136 2258 of
2151 2208 2246 2257 the
2265 2211 2608 2269 government

504 2277 562 2324 in
583 2276 729 2324 order
750 2278 805 2323 to
827 2290 1001 2324 secure
1021 2275 1107 2323 his
1127 2275 1331 2324 wealth.
2311 2287 2437 2329 eun>
2472 2286 2608 2326 nm-

507 2354 657 2388 iuno
681 2344 942 2388 couritur?
996 2355 1017 2387 1
1049 2342 1113 2388 50
1149 2348 1206 2389 at
1244 2348 1300 2388 tu
1337 2343 1524 2389 victrix
1549 2342 1817 2402 provincia
1849 2342 2038 2402 ploras.
2085 2338 2231 2388 Lact.
2267 2352 2311 2387 11
2343 2338 2377 2386 4
2408 2337 2476 2386 ad
2507 2337 2604 2388 fin.

508 2405 637 2453 after
669 2403 878 2465 quoting
911 2405 1045 2451 from
1078 2404 1252 2452 Cicero
1295 2404 1385 2453 the
1429 2405 1715 2465 complaint
1755 2404 1813 2452 of
1850 2404 1940 2452 the
1988 2403 2247 2462 Siciliane,
2298 2416 2438 2453 sese
2482 2401 2611 2451 iam

507 2483 583 2517 ne
629 2468 755 2516 deos
811 2467 1056 2529 quidem
1110 2468 1177 2516 in
1217 2469 1347 2517 suis
1392 2468 1665 2527 urbibus,
1708 2468 1781 2517 ad
1832 2483 1982 2529 quos
2034 2468 2461 2529 confugerent,
2506 2466 2609 2516 ha-

508 2533 677 2591 bere;
735 2535 866 2595 quod
926 2549 1089 2581 eorum
1148 2536 1419 2582 simulacra
1470 2534 1524 2583 0.
1585 2534 1757 2582 Verres
1812 2549 1873 2582 etc
1932 2535 2151 2582 delubris
2208 2534 2607 2592 religiosissimi}

507 2600 799 2656 sustulisset,
848 2596 972 2645 adds
1018 2598 1150 2655 that,
1190 2598 1430 2658 knowing
1476 2598 1566 2646 the
1612 2596 1900 2658 impotence
1933 2598 1988 2645 oi
2025 2597 2159 2646 their
2191 2596 2315 2657 gods
2346 2596 2400 2644 oi
2436 2598 2607 2655 stone,

509 2662 633 2723 they
671 2662 853 2723 sought
898 2662 1094 2711 redress
1130 2663 1183 2710 of
1227 2677 1258 2711 a
1291 2677 1431 2723 man,
1465 2662 1654 2710 Cicero,
1715 2667 1728 2689 ‘
1745 2670 1800 2711 at
1840 2665 1971 2711 enim
2011 2664 2183 2711 Verres
2219 2663 2278 2710 ob
2320 2662 2439 2709 haec
2467 2662 2610 2723 saei-

510 2743 635 2776 nora
674 2727 996 2776 damnatus
1044 2730 1148 2776 est.’
1195 2743 1296 2776 non
1330 2742 1443 2787 erqo
1478 2729 1533 2776 di
1567 2729 1969 2784 vindicaverunt,
2010 2727 2097 2775 sed
2139 2727 2389 2775 Ciceronis
2429 2727 2612 2774 indus-

514 2794 633 2852 tria,
673 2807 772 2853 qua
815 2795 890 2841 vel
933 2794 1204 2854 defensores
1250 2794 1356 2841 eius
1392 2793 1633 2854 oppressit
1668 2793 1748 2840 vel
1783 2794 1980 2852 gratiae
2026 2793 2229 2839 restitit.
2293 2792 2434 2852 quid,
2477 2794 2616 2852 quod

512 2859 650 2919 apud
671 2859 832 2918 ipsum
860 2859 1054 2906 Verrem
1082 2871 1202 2904 non
1242 2856 1363 2905 fuit
1403 2856 1516 2904 illa
1554 2855 1889 2914 damnatio,
1921 2855 2025 2904 sed
2059 2855 2336 2904 vacatio?
2371 2861 2428 2902 ut
2467 2871 2616 2917 quem

510 2924 584 2970 ad
616 2923 809 2970 modum
844 2923 1090 2985 Dionysio
1112 2923 1331 2970 ‹deorum
1363 2922 1530 2982 spolia
1569 2922 1788 2981 qestanti
1822 2922 1878 2969 di
1921 2922 2219 2969 immortales
2256 2921 2432 2968 bonam
2464 2920 2613 2967 dede-

513 2994 631 3035 rant
687 2988 1072 3047 naviqationem,
1130 2988 1203 3035 sic
1249 2989 1401 3034 etiam
1456 2984 1635 3033 Verri
1696 2983 1917 3033 bonam
1976 2983 2249 3044 quietem
2308 2983 2617 3033 tribuisse
2717 3001 2718 3004 ¹

513 3051 956 3111 videantur‚‘in
984 3065 1102 3111 qua
1142 3050 1482 3111 sacrilegiis
1526 3048 1655 3097 suis
1686 3048 2029 3110 tranquille
2066 3049 2195 3096 frui
2228 3049 2458 3109 posset.
2494 3063 2620 3096 nam

504 3118 831 3179 frementibus
877 3123 1053 3177 postea
1098 3117 1332 3163 civilibus
1389 3117 1529 3163 bellis
1587 3113 1698 3161 sub
1756 3117 2006 3161 ostentu
2061 3112 2483 3161 damnationis
2542 3112 2618 3161 ab

514 3179 686 3229 omni
717 3179 991 3241 periculo
1022 3181 1080 3227 et
1111 3183 1276 3227 metu
1305 3180 1598 3237 remotuS,
1630 3180 1847 3226 aliorum
1870 3192 2044 3238 qmves
2068 3192 2212 3225 casus
2236 3185 2285 3225 et
2306 3179 2618 3225 miserabiles

515 3248 679 3293 exitus
700 3246 956 3302 audiebat,
981 3251 1029 3291 et
1055 3244 1158 3304 qui
1188 3242 1490 3291 cecidisse
1531 3242 1701 3290 solus
1740 3240 2059 3289 universis
2094 3240 2415 3289 stantibus
2452 3240 2622 3290 vide-

515 3308 714 3369 batur,
761 3310 816 3356 is
860 3323 999 3357 vero
1042 3306 1353 3356 universis
1400 3306 1768 3355 cadentibus
1818 3305 1988 3354 solus
2039 3303 2239 3363 stetit,
2276 3307 2424 3353 donec
2468 3306 2625 3354 illum

518 3381 566 3422 et
597 3375 770 3435 opibus
798 3375 1062 3433 sacrileyio
1091 3375 1258 3433 partis
1294 3379 1342 3420 et
1386 3374 1497 3419 vita
1532 3373 1774 3419 satiatmn
1811 3386 1871 3419 ac
1912 3376 2154 3418 senectute
2193 3372 2469 3430 confectum
2497 3384 2622 3431 pro-

514 3439 1080 3499 scriptio·triumviralis
1105 3439 1339 3499 auferret.
2132 3447 2361 3481 cour-nar
2395 3447 2416 3480 1
2440 3434 2538 3482 106
2562 3449 2620 3482 n.
2717 3443 2718 3446 ’

1227 3501 1297 3559 96
1331 3515 1636 3551 rmconnu
1667 3515 1744 3550 vn
1766 3501 1797 3550 6
1819 3515 1924 3561 seq.

518 3580 802 3616 cnmuirrn
836 3566 1081 3629 probably
1101 3582 1134 3615 a
1157 3566 1391 3625 Cilician,
1413 3566 1526 3614 who
1546 3565 1654 3614 had
1681 3566 1810 3613 been
1847 3564 2064 3613 iorward
2097 3563 2157 3613 in
2189 3564 2388 3625 getting
2419 3577 2491 3624 up
2526 3564 2626 3614 the

518 3645 635 3679 case
668 3632 870 3691 against
903 3632 1102 3693 Capite.
1173 3631 1332 3679 schol.
1370 3632 1495 3692 quid
1535 3632 1629 3678 tibi
1662 3632 1876 3691 prodest,
1929 3631 2223 3691 Chaerippe,
2262 3631 2308 3678 si
2348 3630 2629 3678 damnatur

521 3697 673 3743 iude-‘c
697 3697 954 3757 [praeses],
979 3710 1121 3758 quem
1144 3703 1198 3743 tu
1220 3697 1556 3743 damnandum
1576 3695 1842 3752 accusasti,
1868 3708 1979 3741 cum
2009 3695 2154 3741 illius
2186 3708 2435 3741 successor
2460 3694 2627 3755 plura

522 3761 782 3807 ablatum
813 3762 883 3807 sit
919 3762 1050 3807 tibi.²
1084 3762 1243 3818 mayis
1267 3759 1479 3819 provide
1511 3760 1606 3805 tibi
1635 3770 2005 3817 praeconem
2038 3764 2086 3805 et
2116 3756 2474 3805 auctionem
2522 3757 2628 3806 fac

514 3836 727 3873 rerum
759 3824 1009 3871 tuarum
1034 3837 1162 3886 quae
1191 3828 1565 3882 superaverunt,
1593 3827 1652 3867 ut
1673 3822 1731 3867 in
1743 3821 2013 3882 pecuniam
2039 3827 2194 3869 totum
2215 3821 2460 3883 conseras,
2487 3836 2554 3870 ne
2578 3832 2630 3872 et
2717 3861 2718 3864 η
