2725 4317
146 281 447 349 98-21041
505 283 745 336 GREEK
788 283 925 336 Ante
971 283 1337 340 UNKNOWN.
1411 289 1754 340 normam
1793 289 1992 342 FERA.
2119 304 2266 371 -199

170 431 297 480 308.
532 435 534 439 ’
840 435 849 444 ’
936 432 1009 491 99
1042 431 1312 481 Markland
1345 436 1358 460 ‘
1375 431 1602 480 dubitari
1637 433 1806 494 potest
1839 431 1904 481 de
1937 430 2036 481 hoc
2067 435 2252 484 versu)

812 495 923 554 100
956 509 1115 545 nume
1156 510 1223 544 m·
1266 509 1448 544 cums
1490 510 1678 544 mmm
1720 510 1936 545 nnscrus
1977 511 2144 546 amma
2186 513 2252 548 m

176 558 244 607 61
268 569 371 618 Βος.
394 569 451 607 n.
503 567 603 607 vm
634 559 888 608 loo-110
918 576 975 608 n.
1036 560 1150 609 Liv.
1184 574 1283 608 xxv
1300 562 1366 608 40
1400 563 1426 621 5
1463 561 1495 609 1.
1514 574 1608 609 eo.
1640 561 1736 609 212
1764 560 2048 622 Marcellae,
2073 569 2132 618 ut
2151 577 2253 612 non

170 625 321 671 modo
344 637 484 670 cuam
512 623 740 683 gloriam,
770 625 858 671 sed
890 627 1041 672 etiam
1068 625 1376 672 maieetatem
1399 626 1578 685 populi
1609 625 1822 674 Romani
1853 632 2072 685 augeret,
2105 641 2250 676 orna-

166 695 346 735 menta
374 688 531 745 urbi-3,
580 689 727 746 ciana
772 687 1077 749 tabulasque,
1118 690 1295 750 quibus
1344 689 1664 737 abundabant
1706 690 1998 751 Syracusae,
2045 690 2252 738 Romam

170 751 391 798 devexit.
424 753 451 810 g
474 751 503 797 2
525 751 643 800 inde
657 753 879 812 primum.
894 753 1101 801 initium
1120 751 1392 800 mirandi
1415 751 1786 801 Graecarum
1807 752 2040 800 artium
2069 767 2250 814 opera

170 815 505 876 licentiaeque
528 815 643 862 huic
662 829 809 863 sacra
826 816 1134 876 profanaque
1155 819 1322 864 omnia
1340 819 1490 878 vulyo
1515 818 1768 876 spoliandi
1787 817 1985 878 factum
2005 823 2094 876 est,
2123 832 2248 878 quae

162 885 415 939 postremo
433 880 493 929 in
512 879 754 926 Romnoc
776 879 1121 928 deos...vertit.
1186 879 1315 927 Cato
1336 878 1406 926 ib.
1429 893 1584 928 xxxiv
1603 881 1636 927 4
1657 893 1752 939 e.g.
1775 883 1802 940 ἓ
1834 880 1868 926 4
1887 881 2090 942 infesta,
2122 883 2248 930 mihi
2343 903 2354 948 ἶ

168 943 375 1000 credite,
405 943 553 1003 eiqna
584 943 645 990 ab
678 943 943 1005 Syracusis
975 945 1127 991 illata
1154 950 1271 991 eunt
1298 943 1416 990 huic
1443 943 1571 991 urbi.
1635 942 1758 990 iam
1787 942 1978 991 nimis
2011 944 2247 994 multos
2347 963 2354 972 ·

168 1004 361 1053 audio
384 1004 670 1068 Corinthi
692 1010 753 1054 et
778 1004 1162 1055 Athenarum
1181 1008 1550 1054 ornamenta
1569 1005 1904 1055 laudantes
1922 1006 2244 1056 mirantes-

167 1083 303 1128 que,
334 1071 391 1116 et
414 1069 697 1118 antefixa
716 1069 954 1118 fictilia
975 1069 1222 1118 deorum
1247 1071 1670 1118 Romanorum
1701 1069 1992 1118 ridentes.
2057 1074 2084 1132 ξ
2106 1071 2138 1120 5
2158 1085 2246 1132 eqo

172 1135 262 1180 hoe
289 1135 421 1180 malo
446 1136 697 1194 propitios
719 1135 844 1183 deos.
912 1133 1034 1182 Sall.
1068 1133 1221 1182 Catil.
1258 1134 1316 1181 11
1352 1136 1381 1193 g
1413 1134 1444 1182 6
1474 1133 1720 1194 speaking
1749 1133 1804 1181 oi
1837 1133 2020 1183 Sulla’s
2051 1134 2246 1184 Asiatic

168 1197 443 1256 campaign
477 1198 552 1245 ibi
578 1199 797 1258 primum
826 1199 1047 1261 insuevit
1087 1199 1329 1246 exercitus
1365 1199 1544 1259 populi
1585 1199 1799 1246 Romani
1841 1213 2010 1246 amare
2043 1206 2240 1259 potare,

169 1260 351 1320 signa
382 1259 629 1308 tabulas
659 1261 865 1322 pictas
896 1275 1043 1309 vasa
1074 1262 1313 1310 caelata
1345 1261 1576 1320 mirari,
1615 1276 1676 1310 ea
1699 1263 1946 1323 privatim
1977 1268 2026 1310 et
2041 1264 2242 1323 publice

165 1338 367 1385 rapere,
392 1325 596 1372 delubra
614 1327 844 1385 epoliare.
889 1325 1023 1372 Plin.
1047 1339 1218 1373 mvn
1239 1328 1266 1385 ἓ
1284 1325 1357 1374 12.
1423 1325 1626 1372 Roman
1647 1324 1970 1385 magistrates
1986 1326 2245 1386 anciently

166 1387 385 1435 refused
405 1390 461 1435 to
479 1387 624 1449 reply
636 1403 763 1436 even
783 1391 839 1436 to
860 1388 1051 1438 Greeks
1069 1391 1245 1449 except
1266 1389 1325 1436 in
1344 1388 1502 1437 Latin
1516 1389 1633 1436 VM.
1649 1402 1692 1436 11
1705 1391 1775 1449 25
1797 1390 1827 1436 2
1843 1388 2004 1438 Per-iz.
2025 1389 2243 1450 Quintil.

164 1464 191 1499 1
214 1452 245 1500 5
273 1453 301 1510 ἕ
328 1453 407 1500 60.
476 1451 614 1502 Suet.
646 1451 823 1500 Claud.
848 1452 925 1503 16.
1011 1452 1149 1500 Here
1191 1455 1456 1512 contempt
1497 1452 1551 1500 of
1580 1453 1672 1501 the
1704 1453 1808 1500 fine
1841 1455 1950 1502 arte
1979 1453 2026 1501 is
2067 1456 2244 1502 meant

164 1515 301 1564 Aen.
328 1529 383 1562 vr
402 1514 671 1564 842—854.
745 1516 873 1564 Vell.
900 1530 921 1564 1
945 1517 1005 1564 13
1037 1519 1091 1576 ἓξ
1109 1517 1142 1563 4
1166 1517 1196 1564 5
1227 1517 1494 1564 Mummius
1525 1523 1628 1564 tam
1657 1516 1830 1565 rudis
1849 1518 1978 1580 suit,
2003 1524 2064 1566 ut
2092 1524 2244 1579 capta
2291 1521 2294 1524 ’

170 1579 417 1628 Corintho
447 1581 565 1640 [ac.
593 1579 727 1640 146J,
762 1595 871 1628 cum
901 1581 1304 1628 maximorum
1347 1579 1668 1628 artificum
1701 1581 2008 1642 perfectas
2051 1581 2242 1629 mani-

164 1643 281 1690 bus
322 1642 570 1691 tabulas
601 1657 669 1690 ac
706 1645 941 1692 statuas
972 1646 1031 1693 in
1050 1646 1259 1694 Italiam
1272 1645 1548 1705 portandae
1572 1647 1772 1706 locaret,
1802 1646 1994 1694 iuberet
2010 1647 2244 1706 praedici

165 1708 569 1765 conducentibus,
594 1709 642 1754 si
662 1722 745 1755 eas
762 1709 1113 1769 perdidissent,
1136 1723 1287 1759 novae
1308 1722 1406 1755 esse
1439 1709 1734 1756 reddituros.
1797 1723 1898 1757 non
1930 1715 2096 1758 tamen
2117 1716 2242 1771 puto

166 1773 387 1827 dubites,
426 1772 619 1829 Vinici,
651 1773 777 1832 quin
801 1773 958 1833 mayie
982 1786 1077 1832 pro
1110 1773 1370 1833 republica
1393 1772 1560 1834 sioerit
1591 1786 1786 1820 manere
1821 1774 1986 1820 adhuc
2030 1771 2242 1820 rudem

170 1836 547 1883 Corinthiorum
576 1836 881 1883 intellectum
912 1850 1061 1896 quam
1089 1837 1149 1884 in
1178 1843 1374 1884 tantum
1404 1850 1465 1883 ea
1493 1837 1735 1896 intelleyi,
1763 1843 1814 1884 et
1844 1839 1968 1898 quin
2001 1838 2094 1884 hac
2117 1851 2240 1898 pru·

165 1901 344 1946 dentia
374 1900 472 1946 illa
495 1900 831 1959 imprudentia
863 1901 1029 1948 decori
1052 1900 1254 1962 publico
1273 1901 1445 1962 fuerit
1477 1901 1859 1948 convenientior.
1929 1899 2114 1950 Strabo
2145 1901 2244 1948 381.

164 1961 417 2023 Polybius
450 1976 551 2010 was
582 1965 788 2022 present
814 1963 917 2010 and
947 1963 1149 2012 bewails
1170 1963 1261 2011 the
1283 1962 1508 2012 soldiers’
1533 1966 1796 2023 contempt
1818 1963 1872 2010 of
1891 1962 2053 2012 works
2075 1964 2128 2011 of
2143 1967 2240 2011 art.

164 2025 237 2074 he
267 2040 375 2074 saw
402 2025 540 2084 with,
558 2025 642 2074 his
672 2041 785 2074 own
817 2041 933 2086 eyes
960 2029 1253 2088 ἐρριμμένους
1281 2029 1479 2076 πίνακας
1511 2025 1586 2075 ἐπ’
1610 2027 1825 2087 ἐδάφους,
1854 2031 2165 2077 πεττεύοντας
2189 2030 2242 2076 δὲ

164 2093 280 2139 τοὺς
314 2091 609 2152 στρατιώτας
643 2093 723 2138 ἐπὶ
752 2095 947 2139 τούτων.
1017 2091 1087 2139 ib.
1110 2091 1390 2138 Mummius
1422 2089 1576 2152 being
1607 2104 1868 2153 gener-oue,
1901 2090 1998 2138 but
2030 2105 2098 2138 no
2121 2105 2239 2138 con-

166 2155 427 2211 noieseur,
461 2153 619 2214 freely
650 2168 773 2213 gave
805 2158 861 2202 to
892 2153 1020 2202 such
1042 2168 1100 2202 as
1122 2154 1293 2204 aeked.
1354 2154 1493 2202 Flor.
1515 2167 1537 2202 1
1569 2156 1743 2202 32--11
1777 2155 1838 2202 16
1870 2157 1923 2214 §3
1956 2155 1987 2204 6
2020 2157 2067 2205 7.
2127 2154 2230 2204 Cic.

166 2219 255 2266 off.
290 2230 314 2266 1
341 2221 367 2278 ξ
392 2218 467 2266 35.
492 2230 534 2266 11
566 2221 593 2278 ἓ
622 2219 687 2269 76
716 2218 881 2268 B'eier.
954 2219 1226 2280 [DChrys.]
1262 2220 1325 2269 37
1370 2231 1415 2265 11
1446 2218 1542 2266 123
1583 2217 1632 2265 R
1673 2217 1916 2280 ἅνθρωπος
1957 2216 2244 2269 ἀπαίδευτος

167 2283 477 2344 [Mummius]
512 2286 587 2330 καὶ
619 2282 814 2341 μηδενὸς
846 2284 941 2331 τῶν
972 2285 1129 2332 καλῶν
1163 2283 1518 2345 πεπειραμένος.
1588 2281 1848 2330 Thirlwall
1868 2281 1986 2330 vlnl
2007 2283 2101 2330 453
2123 2284 2242 2332 454.

166 2345 471 2406 Marquardt
500 2361 535 2395 v
570 2344 635 2410 (2)
670 2348 782 2396 209.
1564 2346 1674 2404 102
1696 2359 1795 2394 v111
1816 2347 2090 2397 102—110.

638 2424 935 2458 rumenam
969 2411 1047 2460 18.
1707 2411 1818 2468 103
1857 2423 2110 2458 rumam
2151 2424 2240 2459 xv1

166 2473 231 2522 60
253 2487 315 2522 n.
376 2473 490 2521 Liv.
512 2487 621 2521 1111
652 2476 713 2522 52
745 2478 772 2534 ἓ
807 2476 837 2522 5
873 2474 929 2523 of
958 2474 1047 2523 the
1079 2474 1233 2536 booty
1254 2474 1409 2523 taken
1430 2476 1485 2522 at
1511 2472 1718 2522 Cannae
1741 2476 1789 2524 ei
1821 2475 1947 2536 quid
1977 2475 2240 2536 argenti,

164 2539 303 2599 quod
336 2539 609 2601 plurimum
640 2540 697 2586 in
727 2537 1005 2598 phaleris
1039 2553 1327 2599 equorum
1362 2546 1500 2596 erat,·
1540 2553 1658 2588 nam
1687 2539 1760 2589 ad
1787 2541 2074 2588 vescendum
2093 2540 2238 2601 sacto

154 2604 448 2664 pere-eiquo,
472 2604 645 2663 utique
666 2605 956 2658 militantes,
978 2605 1256 2652 utebantur.
1985 2616 2238 2652 ramme

165 2678 445 2714 canonum
477 2678 607 2714 nous
638 2665 773 2715 Plin.
800 2680 898 2714 vm
930 2671 955 2726 g
980 2667 1039 2714 12
1072 2666 1219 2715 when
1249 2665 1535 2714 Antiochus
1565 2680 1670 2715 was
1701 2665 1872 2729 trying
1903 2680 1936 2716 a
1965 2665 2080 2715 ford
2109 2667 2238 2715 Aiax

166 2731 260 2791 [an
283 2729 565 2791 elephantJ,
587 2729 699 2778 who
722 2729 986 2778 otherwise
1008 2731 1193 2792 always
1223 2730 1311 2778 led
1339 2729 1431 2779 the
1459 2745 1574 2791 van,
1602 2731 1747 2792 hung
1778 2730 1923 2780 back.
1992 2739 2096 2778 tum
2119 2746 2236 2793 pro-

162 2795 459 2841 nuntiatum
506 2796 614 2841 eius
654 2795 767 2856 fore
809 2797 1153 2856 principatum
1194 2797 1283 2854 qui
1327 2797 1601 2853 transisset,
1645 2809 1910 2856 ausumque
1952 2797 2240 2844 Patroclum

163 2860 227 2906 ob
272 2858 332 2905 id
374 2856 645 2917 phaleris
678 2858 1005 2919 argenteiS,
1041 2872 1156 2919 quo
1182 2858 1446 2906 maxime
1479 2858 1766 2920 gaudent,
1801 2866 1850 2907 et
1881 2861 2074 2921 reliquo
2106 2861 2237 2907 omni

154 2923 393 2982 primatu
424 2923 646 2970 donavit.
1799 2922 1920 2983 ,104
1960 2936 2236 2970 noueram

164 2998 461 3033 emonem
512 2999 677 3032 mam
721 2986 849 3034 Aen.
886 2999 1003 3034 vm*
1028 2985 1221 3035 63o—4
1261 2985 1396 3034 from
1445 2985 1656 3034 Ennius
1709 2985 1972 3048 (Servius),
2019 2985 2236 3046 descrip-
2317 3041 2322 3052 ι

163 3051 282 3098 tion
326 3050 381 3096 oi
422 3049 513 3098 the
550 3049 715 3099 shield
754 3049 905 3098 made
946 3051 1015 3112 by
1046 3049 1245 3098 Vulcan
1277 3051 1473 3111 fecerat
1517 3057 1566 3098 et
1601 3052 1762 3098 viridi
1787 3050 1950 3112 fetam
1991 3051 2236 3098 Mavortis

164 3116 224 3162 in
269 3121 414 3162 antro
442 3112 791 3177 {procubuieee
833 3114 1077 3175 lupam;
1132 3115 1410 3174 geminos
1457 3115 1574 3162 huic
1627 3115 1778 3162 ubera
1820 3113 2039 3176 circum}
2071 3115 2236 3161 ludere
2317 3162 2325 3178 ¹

155 3177 427 3238 pendentes
464 3192 643 3239 pueros
686 3185 737 3226 et
779 3180 989 3227 lambere
1018 3184 1221 3226 matrem
1247 3177 1255 3242 Ι
1284 3179 1562 3238 inpavidos,
1599 3179 1744 3226 illam
1775 3179 1919 3225 tereti
1949 3179 2131 3225 cervice
2161 3191 2235 3224 re·
2313 3179 2324 3253 J

150 3243 296 3302 flexa
322 3240 330 3304 Ι
358 3243 566 3290 mulcere
610 3244 826 3290 alternos
863 3249 913 3290 et
954 3256 1157 3303 corpora
1188 3243 1382 3304 finqere
1425 3243 1614 3302 linqua.
1682 3241 1776 3289 Ov.
1809 3241 1848 3288 1.
1887 3254 1931 3288 11
1962 3239 2234 3288 413—420.

156 3304 453 3377 ,Schwegler
483 3319 505 3353 1
536 3306 649 3354 361.
682 3307 775 3357 397
798 3320 851 3354 n.
918 3305 1015 3352 424
1035 3320 1087 3355 n.
1116 3307 1195 3354 20.
1262 3318 1359 3353 13.c.
1382 3305 1478 3355 296
1507 3304 1615 3355 Liv.
1638 3318 1674 3352 x
1692 3306 1754 3353 23
1777 3307 1804 3364 ξ
1837 3306 1898 3353 12
1930 3303 2020 3352 the
2047 3303 2236 3352 aediles

153 3369 239 3430 'Jad
268 3369 425 3430 ficum
454 3372 751 3418 ruminalem
778 3372 1051 3418 simulacra
1080 3371 1354 3432 infantium
1383 3369 1692 3418 conditorum
1719 3371 1858 3417 urbis
1889 3370 1980 3416 sub
2010 3367 2238 3416 uberibus

148 3431 351 3501 {lupae
368 3441 651 3494 posuerunt.
719 3434 840 3481 ΒΗ.
864 3448 886 3482 1
908 3435 969 3484 79
990 3432 1047 3481 in
1067 3432 1152 3481 his
1174 3433 1301 3480 time
1322 3432 1412 3481 the
1434 3446 1576 3480 same
1596 3446 1757 3493 group
1789 3432 1846 3480 of-
1876 3431 2078 3480 ancient
2098 3431 2237 3480 work

164 3509 272 3544 was
292 3498 348 3544 to
370 3496 433 3544 be
454 3510 573 3544 seen
595 3500 650 3545 at
671 3496 761 3545 the
782 3498 941 3558 place.
1008 3496 1117 3544 The
1137 3497 1256 3545 wolf
1275 3497 1321 3544 is
1344 3497 1454 3544 still
1473 3495 1742 3556 preserved
1756 3495 1816 3542 in
1834 3495 1924 3544 the
1947 3494 2232 3556 Capitoline

164 3573 431 3610 museum0
490 3560 634 3608 Burn
655 3560 817 3610 Rome
838 3560 942 3609 and
960 3559 1052 3608 the
1076 3561 1373 3622 Campagna
1392 3561 1502 3610 157.
1569 3558 1685 3607 dict.
1703 3573 1867 3619 geogr.
1888 3573 1932 3606 11
1953 3561 2047 3610 '723
2070 3558 2236 3606 where

168 3624 213 3671 it
235 3623 285 3670 is
306 3623 521 3683 figured.
589 3624 641 3672 It
662 3625 707 3672 ie
728 3624 823 3672 the
842 3624 1035 3686 subject
1058 3625 1111 3672 of
1142 3625 1400 3672 countless
1423 3622 1585 3671 works
1619 3623 1672 3671 of
1703 3625 1800 3683 art,
1823 3622 1928 3670 and
1947 3623 2106 3687 Rome
2129 3623 2236 3672 still

200 3701 321 3749 eeps
344 3701 376 3734 a
405 3687 506 3736 live
527 3688 645 3735 wolf
666 3703 734 3735 on
754 3688 843 3736 the
867 3688 1100 3739 Palatine
1121 3687 1225 3736 and
1245 3701 1314 3736 on
1335 3687 1426 3736 the
1449 3687 1662 3747 Capitol.
1723 3686 1902 3736 Claud.
1925 3701 2063 3736 cons.
2088 3687 2236 3754 hob.

158 3747 360 3814 ipe-..99
383 3751 437 3798 of
456 3765 489 3798 a
511 3751 674 3800 shield
694 3751 927 3812 wrought
948 3751 1016 3812 by
1035 3752 1235 3800 Vulcan
1259 3753 1375 3800 hinc
1389 3755 1590 3813 patrius
1613 3751 1907 3799 Mavortis
1928 3753 2232 3814 amorfetue-

164 3829 261 3880 que
300 3814 574 3880 notantur}
613 3817 853 3874 Romulei,
888 3818 1009 3878 pius
1054 3818 1211 3867 amnis
1255 3819 1385 3871 ¹ineat
1428 3823 1477 3864 et
1517 3815 1698 3864 belua
1739 3815 1970 3878 nutrix.
2012 3813 2022 3881 Ι
2058 3819 2238 3865 electro
