2725 4317
85 291 346 353 Η]
455 288 463 296 “
625 290 925 342 ANULUS.
986 292 1613 352 FUNU81A0ERBUM.
1802 309 1808 313 ·
2085 288 2226 376 189

87 449 169 502 ib.
198 463 236 500 v
256 453 289 500 3
313 451 375 500 21
400 452 533 514 quod
552 459 848 516 usucaptum
868 460 994 503 esset
1014 460 1065 503 et
1086 452 1146 502 'ob
1166 454 1227 502 id
1248 455 1309 502 de
1334 455 1612 504 hereditate
1634 454 1810 505 exiit.
1869 455 2031 505 Orelli
2059 456 2216 507 inscr.
2288 483 2297 506 t

90 515 351 568 4386—7.
790 544 801 552 -
1169 518 1244 577 43
1276 531 1485 567 munus
1505 519 1608 568 last
1630 521 1687 569 οε
1721 521 1793 569 ιιι
1823 521 1880 568 of
1911 521 2051 570 their
2081 522 2221 582 ring,
2286 509 2293 542 ⁵

90 580 195 630 the
220 580 424 642 symbol
446 581 501 630 of
520 583 814 643 equestrium
836 583 968 632 rank
991 584 1101 635 129.
1151 595 1173 631 1
1194 584 1272 633 28.
1313 596 1392 631 vn
1415 584 1478 632 16
1500 597 1553 634 n.
1582 586 1663 634 89.
1719 586 1783 635 cf.
1811 584 1954 634 Suet.
1979 585 2129 634 Caes.
2150 588 2221 634 33
2280 585 2289 650 ξ’

91 661 215 695 cnm
235 649 297 694 in
318 649 627 709 adloquendo
650 649 1052 710 exhortandoque
1074 649 1276 710 saepius
1306 648 1526 709 digitum
1554 650 1725 697 laevae
1757 665 1932 699 manus
1968 658 2217 699 ostentans
2277 669 2287 706 3

91 713 413 775 adfirmaret,
434 727 486 760 se
507 713 576 759 ad
596 714 1009 775 satisfaciendum
1028 714 1265 772 omnibus,
1287 726 1384 774 per
1403 727 1524 774 quos
1546 714 1847 774 diuinitatem
1879 729 2024 762 suam
2045 716 2213 777 defen-

90 791 248 825 surus
272 784 409 837 esset,
438 777 693 825 anulum
723 792 915 839 quoque
937 792 1096 839 aequo
1120 779 1285 825 animo
1315 776 1748 826 detracturum
1786 777 1924 826 sibi.
1992 779 2145 830 Mart.
2170 791 2218 827 11-

92 843 163 892 57
189 844 222 893 7
244 844 277 890 8
299 842 355 890 of
387 855 485 889 one
504 840 619 889 who
653 840 928 890 sauntered
958 841 1017 889 in
1048 841 1232 903 purple
1255 840 1417 889 about
1438 840 1735 902 tmfflaepm
1756 842 1883 890 with
1906 856 1938 891 a
1959 843 2128 892 crowd
2159 845 2214 892 of
2296 841 2303 854 ¹

90 904 354 954 retainers
415 904 517 954 and
570 904 870 954 brand-new
912 905 1197 967 palanquin
1253 903 1705 966 oppigneravit
1754 908 1895 955 modo
1947 909 2088 956 modo
2139 908 2213 957 ad

93 967 288 1019 cladi
309 984 584 1019 mensam
611 970 620 1033 Ι
647 969 753 1018 vix
773 973 913 1018 octo
933 970 1202 1018 nummis
1226 970 1501 1029 anulum,
1529 970 1691 1019 unde
1713 974 1982 1020 cenaret.
2016 971 2088 1021 id.
2111 985 2212 1021 vm

92 1036 147 1084 5.
218 1034 370 1096 Apul.
407 1048 539 1096 mag.
576 1036 639 1087 75
676 1050 787 1084 cum
814 1037 1037 1097 undiquc
1070 1049 1268 1083 versum
1302 1035 1490 1082 tabulis
1507 1037 1855 1098 fluvitantem
1870 1074 2052 1086 .........
2058 1047 2210 1098 neyat

82 1113 240 1162 posse
271 1101 553 1162 dissolvere,
602 1099 827 1148 anulos
866 1111 1094 1149 aureos
1130 1107 1181 1148 et
1216 1100 1386 1148 omnia
1419 1101 1645 1160 insiynia
1682 1101 1950 1162 diqnitatis
1997 1100 2211 1161 abicit,

89 1179 211 1214 cum
230 1165 560 1213 creditoribus
581 1165 933 1227 depaciscitur.
999 1163 1339 1212 Friedlfinder
1360 1162 1405 1210 1⁴
1426 1164 1702 1216 269-275.

364 1229 439 1288 43
462 1242 641 1277 sonmo
673 1242 727 1277 1x
750 1229 878 1278 6-8
915 1245 1015 1278 non
1051 1231 1149 1278 erit
1182 1230 1276 1279 hac
1306 1229 1450 1292 facie
1484 1231 1817 1279 miserabilior
1854 1231 2142 1294 Crepereius
2168 1231 2177 1297 Ι

91 1293 341 1356 ΡοῙῙίο,
368 1293 470 1356 qui
499 1293 817 1356 triplicem
846 1305 1099 1343 usuram
1131 1297 1467 1356 praestare
1495 1297 1761 1355 paratus
1788 1294 1797 1359 Ι
1825 1295 2115 1345 circumit
2148 1299 2209 1345 et

91 1361 318 1409 fatuos
340 1374 469 1407 non
490 1358 761 1408 invenit.
1561 1360 1639 1417 44
1668 1360 1743 1418 45
1768 1374 1853 1409 see
1874 1360 1966 1409 the
1988 1365 2208 1412 account

92 1422 154 1473 of
187 1424 402 1486 Apicius
445 1439 498 1473 xv
529 1426 591 1472 23
626 1440 679 1473 n.
731 1424 904 1474 -Kiaer
929 1424 1120 1473 les—4
1142 1424 1318 1473 makes
1344 1426 1574 1475 luxuriae
1596 1440 1710 1485 gen.
1739 1424 1842 1473 and
1863 1425 2036 1486 places
2056 1425 2204 1475 these

91 1489 239 1537 lines
272 1489 356 1549 (44
387 1490 470 1552 45)
498 1504 556 1538 as
593 1488 683 1538 the
720 1491 864 1551 reply
884 1493 941 1538 to
972 1489 1064 1538 the
1098 1489 1338 1551 question
1372 1494 1485 1553 quis
1520 1493 1680 1538 exitus
1696 1495 1717 1538 ,²
1757 1491 1892 1538 after
1918 1492 2000 1546 41,
2026 1491 2207 1551 saying

91 1554 246 1615 truly
267 1554 350 1617 (cl.
373 1568 394 1602 1
419 1554 513 1601 144
537 1555 653 1603 hinc
675 1556 870 1603 subitae
892 1556 1087 1615 mortes)
1110 1554 1225 1603 that
1248 1554 1397 1603 rakes
1423 1557 1525 1604 had
1547 1569 1732 1603 reason
1755 1558 1810 1602 to
1836 1555 1948 1603 sear
1964 1570 2035 1604 an
2058 1555 2202 1616 early

93 1618 278 1678 death,
304 1618 408 1667 and
431 1618 547 1667 that
576 1624 589 1647 ⁸
608 1634 748 1668 mors
780 1634 888 1668 non
915 1617 1194 1668 metuenda
1224 1621 1320 1677 est,
1345 1619 1436 1668 sed
1465 1621 1631 1668 morte
1664 1620 1832 1679 magis
1854 1621 2123 1677 senectus‚'
2149 1620 2200 1668 is

90 1682 273 1745 vapid.
342 1684 447 1732 But
468 1683 560 1732 the
581 1697 695 1744 gen.
722 1698 888 1732 seems
910 1682 1087 1744 harsh,
1112 1683 1217 1732 and
1239 1682 1329 1731 the
1350 1682 1724 1745 transposition
1746 1683 2001 1732 needless.
2074 1687 2088 1710 ‘
2102 1685 2207 1733 Not

93 1761 169 1797 an
193 1742 337 1809 early
357 1747 560 1796 funeral
584 1747 719 1809 (that
742 1748 984 1809 standing
1003 1750 1167 1796 terror
1186 1750 1244 1796 to
1275 1747 1478 1796 Roman
1512 1750 1797 1811 superstitio
1819 1763 1854 1796 x
1873 1749 1968 1796 241
1993 1749 2092 1812 n.),
2108 1748 2207 1798 but

95 1812 192 1861 old
215 1827 308 1875 age
328 1827 489 1861 worse
512 1812 642 1861 than
663 1812 819 1861 death
838 1812 885 1860 is
908 1812 1045 1861 what
1067 1813 1256 1873 luxury
1276 1811 1374 1861 has
1393 1816 1450 1861 to
1470 1812 1658 1862 dread)
2201 1847 2206 1856 .

278 1877 356 1934 44
387 1891 558 1926 runos
581 1891 822 1927 Acnnnun
844 1876 1013 1925 Plaut.
1038 1876 1169 1925 asin.
1194 1875 1289 1926 595
1325 1877 1614 1930 acerbum
1645 1877 1834 1926 funus
1855 1880 2007 1941 filiae
2019 1882 2204 1943 saciet.

93 1942 229 1992 Aen.
254 1955 311 1990 π
332 1943 427 1991 429
452 1943 672 1991 funere
704 1944 874 1991 mersit
906 1941 1139 1991 acerbo.
1193 1940 1401 1993 Servius
1423 1942 1545 1991 adl.
1577 1945 1592 1968 ‘
1609 1957 1681 1992 ac.
1705 1942 2013 1994 immaturo:
2037 1948 2198 1993 trans-

94 2008 231 2057 latio
269 2022 303 2056 a
331 2007 501 2069 pomis
536 2007 646 2057 est.'
712 2006 784 2055 id.
806 2006 876 2055 ib.
902 2018 967 2055 111
991 2006 1065 2057 64.
1133 2020 1187 2054 11
1210 2007 1324 2055 143.
1389 2006 1497 2055 Cic.
1521 2006 1674 2055 Tusc.
1697 2021 1764 2055 111
1787 2011 1815 2067 5
1840 2008 1903 2057 29
1925 2009 2202 2057 translates

96 2072 336 2123 θανάτους
357 2070 398 2121 τ’
420 2074 609 2135 ἀώρους,
635 2079 727 2120 aut
756 2079 956 2121 mortem
983 2070 1272 2121 acerbam.
1344 2071 1475 2133 Nep.
1500 2071 1685 2119 Cimon
1705 2071 1741 2118 4
1763 2074 1789 2132 5
1813 2072 1859 2121 4.
1931 2072 2040 2122 Liv.
2064 2086 2140 2121 v11
2165 2076 2197 2121 1

95 2139 182 2198 58
204 2152 335 2186 mors
371 2153 519 2199 quam
556 2140 817 2194 matura,
847 2143 950 2185 tam
988 2136 1206 2185 acerba
1227 2135 1496 2199 (Madvig’s
1531 2138 1753 2198 quamvis
1760 2175 1941 2186 .........
1949 2143 2110 2185 tamen
2149 2137 2202 2186 is

95 2201 377 2265 heedless).
447 2201 567 2251 Sen.
590 2202 657 2251 ad
678 2202 834 2250 Marc.
858 2202 889 2251 9
913 2205 937 2262 5
960 2203 990 2249 2
1016 2208 1087 2250 tot
1114 2208 1316 2263 praeter
1340 2202 1532 2249 domum
1559 2208 1778 2250 nostram
1799 2202 2045 2249 ducuntur
2065 2217 2195 2250 exse-

97 2269 252 2329 quiae
262 2282 282 2316 .·
304 2268 363 2315 de
386 2274 537 2315 morte
558 2282 658 2316 non
678 2268 963 2327 coquamus.
1038 2273 1109 2313 tot
1130 2265 1348 2314 acerba
1368 2266 1611 2314 funera:
1635 2280 1721 2314 nos
1745 2272 1907 2324 toqam
1926 2273 2199 2315 nostrorum

94 2331 394 2395 infantium,
441 2348 529 2380 nos
572 2333 809 2380 militiam
850 2337 897 2379 et
933 2337 1177 2394 paternae
1223 2331 1512 2379 hereditatis
1562 2332 1910 2378 successionem
1950 2332 2198 2390 agitamus

96 2399 284 2445 animo.
349 2396 418 2446 id.
451 2411 531 2459 ep.
555 2398 765 2457 99518.
836 2397 929 2443 122
954 2396 1068 2457 510
1096 2396 1390 2457 quantulum
1424 2396 1556 2443 enim
1591 2410 1626 2442 a
1659 2394 1874 2441 funere
1911 2396 2108 2453 absunt,
2147 2404 2198 2446 et

97 2463 305 2523 quidem
326 2461 556 2519 acerb0,
582 2463 671 2523 qui
693 2462 914 2523 adjaces
937 2467 986 2509 et
1006 2476 1165 2509 cereos
1186 2462 1397 2508 vivunt?
1421 2457 1535 2508 Tac.
1559 2473 1658 2506 x111
1683 2461 1744 2509 1¹7
1765 2472 1816 2519 p.
1826 2473 1896 2508 m.
1954 2458 2087 2510 Plin.
2114 2474 2194 2522 ep.

93 2540 128 2574 v
144 2528 177 2575 5
201 2530 228 2587 5
250 2526 287 2573 4
306 2527 434 2574 mihi
456 2534 622 2574 autem
641 2527 841 2574 videtur
872 2524 1088 2573 acerba
1118 2539 1303 2586 semper
1324 2532 1373 2572 et
1398 2523 1730 2571 immatura
1760 2538 1887 2573 mors
1909 2539 2087 2582 eorum,
2109 2527 2197 2588 qui

95 2590 378 2640 immortale
423 2591 623 2654 aliquid
657 2597 865 2653 parant.
959 2589 1029 2638 ib.
1076 2589 1137 2637 16
1184 2591 1210 2649 5
1264 2589 1295 2637 6
1342 2603 1372 2636 o
1417 2591 1556 2637 triste
1592 2590 1748 2651 plane
1793 2589 2196 2649 acerbumque

96 2655 325 2704 funus!
368 2670 398 2703 o
441 2657 634 2704 morte
671 2656 808 2717 ipsa
827 2654 1048 2703 mortis
1079 2655 1324 2714 ‘tempus
1361 2652 1714 2714 indignius!
1782 2653 1926 2703 Curt.
1953 2668 2010 2702 11
2032 2654 2111 2715 65
2135 2656 2196 2704 19

94 2722 307 2772 unicum
329 2722 503 2769 bonum
524 2722 816 2769 diuturnam
836 2723 995 2768 vitam
1011 2720 1345 2767 existimantes
1366 2733 1512 2780 saepe
1534 2718 1750 2767 acerba
1786 2732 1946 2776 mors
1967 2726 2187 2780 occupat.

98 2784 397 2846 Quintilian
433 2784 537 2833 had
568 2785 672 2833 lost
706 2784 791 2832 his
831 2782 1061 2832 children
1094 2796 1148 2831 VI
1176 2797 1253 2844 pr.
1276 2786 1303 2843 5
1324 2783 1358 2830 4
1397 2798 1515 2844 quos
1543 2785 1719 2845 utique
1744 2785 2000 2831 inmeritos
2032 2798 2194 2836 mors

96 2864 163 2899 ac
175 2849 322 2898 orba
344 2851 619 2907 damnavit,
641 2857 812 2911 erepta
831 2849 959 2897 mihi
972 2849 1120 2910 prius
1139 2854 1295 2896 matre
1318 2849 1594 2908 eorundem,
1623 2862 1749 2909 quae
1768 2848 1986 2896 nondum
2006 2849 2194 2909 expleto

97 2916 286 2963 aetatis
308 2916 668 2963 undevicesimo
689 2929 819 2963 anno
842 2915 962 2961 duos
984 2915 1129 2961 enixa
1137 2914 1297 2975 filios,
1322 2913 1549 2974 quamvis
1584 2910 2007 2960 acerbissimis
2043 2919 2194 2973 rapta

95 2978 282 3038 fatis,
318 2980 455 3042 felix
492 2980 707 3029 decessit.
776 2977 961 3027 Publil.
1004 2977 1114 3038 Syr.
1153 2976 1250 3026 396
1286 2979 1364 3024 nil
1402 2992 1501 3025 non
1543 2976 1829 3027 acerbum
1857 2977 2003 3036 prius
2046 2990 2194 3037 quam

93 3051 348 3093 maturum
380 3044 504 3105 fuit.
575 3045 671 3093 360
712 3058 839 3092 mors
871 3044 1061 3106 infanti
1082 3042 1230 3104 felix,
1269 3043 1440 3090 iuveni
1468 3040 1706 3099 acerba,
1734 3055 1845 3088 sera
1878 3041 2027 3088 nimis
2059 3043 2188 3090 seni.

95 3107 214 3157 'l'he
233 3107 374 3156 word
395 3107 441 3156 is
463 3108 701 3169 frequent
721 3107 779 3157 in
800 3106 891 3155 the
914 3106 1152 3168 epitaphs
1175 3106 1230 3154 of
1262 3104 1510 3153 children.
1578 3104 1740 3152 Orelli
1771 3104 1917 3152 4836.
1985 3103 2188 3154 anthol.

96 3173 279 3235 Meyer
324 3173 420 3222 361
480 3174 559 3221 12.
610 3173 735 3221 1236
788 3175 833 3223 ’7.
873 3172 1000 3220 1248
1032 3172 1076 3221 2.
1125 3170 1252 3218 1254
1296 3173 1342 3219 2.
1398 3171 1524 3217 1258
1568 3170 1616 3217 5.
1664 3169 1791 3218 1268
1836 3169 1911 3217 11.
1995 3166 2190 3215 Auson.

92 3238 230 3300 prof.
255 3239 287 3286 3
310 3239 355 3287 5.
385 3237 636 3299 parental.
666 3238 725 3285 11
751 3239 796 3287 2.
829 3236 891 3284 14
913 3237 942 3284 1
967 3235 1070 3285 and
1094 3236 1154 3283 12
1188 3236 1354 3284 indole
1390 3240 1631 3290 maturus,
1667 3233 1890 3280 funere
1928 3231 2191 3281 acerbus

95 3304 221 3364 obise
248 3303 314 3350 20
336 3304 385 3351 5.
409 3304 473 3352 29
496 3303 543 3351 6.
602 3302 736 3355 Luc.
771 3301 955 3363 cata-pl.
981 3302 1012 3349 5
1035 3302 1328 3361 ὀμφακίαι
1350 3300 1516 3360 νεκροί.
1549 3298 1707 3345 Orelli
1730 3300 1874 3347 6063.

94 3367 168 3425 45
205 3380 472 3416 nuxumm
495 3380 539 3414 11
561 3368 624 3414 34
646 3369 707 3415 35
731 3366 888 3415 vitia
908 3368 1088 3414 ultima
1092 3367 1243 3427 fictos
1270 3363 1277 3427 Ι
1307 3370 1621 3411 contemnunt
1637 3364 1852 3411 Scauros
1867 3368 1917 3410 et
1937 3362 2190 3422 castigata

94 3432 396 3481 remordent.
425 3445 458 3479 x
481 3432 577 3479 120
596 3430 846 3492 ingenio
866 3445 1041 3479 manus
1063 3437 1138 3478 est
1158 3436 1209 3478 et
1230 3430 1398 3477 cervix
1417 3442 1578 3476 caesa.

95 3495 168 3554 46
205 3508 472 3545 cormucn
492 3495 620 3543 Hor.
645 3510 684 3545 s.
714 3510 737 3543 1
758 3496 788 3542 2
812 3495 843 3544 9
874 3490 1547 3543 conductis...nummis.
1617 3489 1686 3541 So
1707 3489 1879 3539 Plaut.
1904 3492 2061 3539 most.
2090 3492 2187 3539 520

95 3558 318 3618 Lorenz,
340 3560 543 3609 locare
566 3561 761 3620 arqenti
782 3560 970 3608 nemini
990 3573 1239 3607 nummum
1259 3572 1402 3619 queo.
1860 3554 1936 3615 4'7
1965 3568 2187 3605 nomme

94 3624 185 3679 the
209 3638 414 3674 owners
437 3624 683 3685 (lenders)
706 3623 762 3671 of
781 3622 872 3671 the
887 3636 1075 3684 money
1085 3643 1131 3664 =
1130 3623 1329 3685 fenoris
1350 3623 1658 3670 auctoribus.

96 3689 167 3748 49
200 3701 445 3738 vnnrnnn
491 3701 661 3737 soum
705 3686 863 3736 schol.
910 3685 1173 3735 ‘exsilium
1216 3685 1361 3747 patL’
1427 3685 1531 3735 Cic.
1579 3699 1673 3746 pro
1717 3683 1864 3733 Gaec.
1902 3688 1930 3745 5
1970 3684 2065 3733 100
2096 3686 2187 3746 qui

95 3756 274 3803 volunt
297 3755 527 3814 aliquam
540 3767 753 3815 poenam
773 3752 1108 3813 subterfugere
1131 3757 1222 3798 aut
1240 3751 1596 3809 calamitatem,
1617 3765 1671 3798 eo
1695 3748 1892 3797 solum
1911 3751 2178 3808 vertunt,

99 3817 187 3868 hoc
226 3826 303 3867 est
337 3819 500 3866 sedem
531 3832 593 3865 ac
628 3818 788 3866 locum
816 3822 1031 3865 mutant.
1097 3814 1306 3863 Petron.
1343 3814 1405 3862 81
1440 3813 1837 3862 conturbavit
1870 3821 1919 3862 et
1954 3814 2185 3862 libidinis

90 3891 213 3933 ‘suas
238 3881 440 3934 solum
458 3879 668 3931 vertit.
715 3921 722 3927 .
1068 3891 1241 3927 mum
1265 3891 1330 3926 111
1351 3878 1384 3925 4
1406 3892 1459 3929 n.
1534 3878 1652 3929 Sen.
1675 3891 1753 3939 ep.
1782 3878 1845 3926 51
1869 3882 1896 3939 5
1919 3878 1951 3926 1.
1979 3877 2183 3940 Baias,
