2725 4317
146 302 460 365 272—275]
726 300 1021 354 ASYLUM.
1094 303 1322 353 eAnns
1371 304 1459 354 To
1504 306 1795 360 emens.
2167 303 2211 371 6
2219 325 2259 393 3

144 440 333 490 named
352 441 581 499 Marius,
606 439 852 501 ServiusL
876 455 986 488 cum
1011 440 1139 490 hane
1161 442 1332 489 urbem
1350 441 1538 502 possim
1561 443 1658 491 tibi
1681 443 1977 493 ostendere?
2295 435 2308 516 1

405 505 520 562 273
553 518 711 553 Ammo
747 503 858 554 Liv.
882 516 906 553 1
927 507 959 553 8
982 506 1155 566 locum,
1183 508 1271 568 qui
1294 521 1427 554 nune
1459 514 1661 569 saeptus
1691 509 2096 558 descendentibus
2119 512 2255 560 inter
2289 521 2300 572 1

143 570 265 620 duos
288 573 426 619 lucos
461 576 550 628 est,
577 567 818 631 asylum
856 571 1052 632 aperit.-
1095 586 1150 619 eo
1172 586 1234 619 ex
1257 573 1504 635 finitimis
1520 574 1725 633 populis
1750 575 1898 622 turba
1927 577 2083 623 omnis
2115 575 2252 625 sine

142 634 532 693 discrimine,
579 635 704 683 liber
756 649 826 684 an
876 650 1046 684 servus
1100 643 1240 697 esset,
1291 637 1449 685 avida
1494 652 1738 686 novarum
1781 653 1945 687 rerum
1991 641 2247 703 prosuqit.

142 698 311 752 Strab.
340 714 376 749 v
396 715 450 762 p.
474 700 573 748 230
597 704 611 727 ⁸
624 697 818 760 having
840 699 1157 749 established
1179 714 1249 749 an
1270 702 1475 763 asylum
1505 701 1737 751 between
1773 703 1865 751 the
1898 720 1991 752 arx
2022 703 2127 752 and
2159 704 2251 753 the

140 764 382 827 Capitol)
427 764 545 816 ΒΗ.
576 779 620 813 11
642 765 703 812 15
730 769 743 793 ⁸
761 766 852 813 the
872 765 1018 826 place
1041 765 1270 815 between
1292 765 1384 815 the
1407 782 1499 815 arx
1520 765 1625 815 and
1646 767 1737 816 the
1773 767 1989 829 Capitol,
2013 767 2184 817 which
2203 770 2249 817 is

137 844 255 880 now
295 829 462 880 called
501 831 715 879 between
752 829 834 878 the
876 837 970 879 two
1005 833 1216 893 proves)
1303 830 1434 880 Veu.
1471 844 1494 880 1
1533 830 1564 879 6
1606 834 1689 892 §8
1728 833 1901 894 asylo
1926 835 2072 897 facto
2116 835 2251 883 inter

139 896 264 945 duos
324 898 476 945 lucos.
567 894 760 944 Becker
803 908 826 943 1
870 894 1080 947 386—7.
1161 896 1274 948 410.
1360 911 1404 945 11
1449 897 1525 947 19.
1619 895 1903 958 Schwegler
1947 913 1968 946 1
2000 899 2247 949 459—60.
2293 905 2304 948 l

137 959 355 1011 464-8.
428 960 591 1021 Pauly
611 961 654 1009 1²
685 959 831 1010 1948.
900 960 1093 1011 Preller
1130 964 1264 1011 rom.
1297 961 1488 1023 Myth.1
1521 964 1636 1021 237.
1707 961 1887 1010 Winer
1918 962 2249 1013 Realworter·
2295 975 2306 1022 'z

138 1024 278 1074 buch
303 1040 345 1074 s.
361 1041 411 1075 v.
439 1026 705 1075 Freistatt.
771 1024 856 1075 On
889 1024 980 1074 the
1012 1026 1152 1088 right
1184 1028 1239 1076 of
1270 1030 1546 1090 sanctuar-y
1567 1026 1673 1077 and
1705 1027 1776 1076 its
1808 1028 1993 1076 abuses
2032 1028 2181 1077 Hock
2204 1029 2249 1078 1⁸
2301 1033 2310 1068 ἓ

138 1090 202 1141 94
224 1092 277 1141 5.
304 1090 366 1139 in
395 1088 636 1151 Ephesus
668 1090 853 1141 Strabo
876 1090 994 1140 641.
1059 1090 1141 1141 On
1164 1091 1254 1141 the
1287 1092 1491 1154 asylum
1513 1092 1672 1153 itself,
1703 1093 1769 1141 cf.
1792 1092 1903 1141 Liv,
1928 1106 1971 1141 11
1995 1093 2023 1140 1
2047 1097 2074 1154 ς
2094 1095 2127 1143 4
2148 1097 2247 1144 illa
2305 1117 2314 1126 ·

136 1158 471 1217 pastorum
503 1170 926 1218 convenarumque
951 1157 1117 1218 plebs,
1149 1159 1414 1219 transsuya
1457 1173 1520 1206 ex
1556 1159 1661 1206 suis
1698 1159 1921 1221 populis,
1967 1160 2057 1207 sub
2088 1162 2248 1210 tutela
2307 1189 2314 1198 ·

137 1221 388 1270 inviolati
410 1221 582 1282 templi
604 1227 695 1268 aut
720 1221 1000 1270 libertatem
1021 1227 1112 1270 aut
1134 1228 1269 1271 certe
1299 1220 1746 1283 impunitatem
1780 1226 1984 1286 adepta.
2024 1224 2242 1285 August.

138 1298 191 1348 0.,
229 1284 478 1334 Crescon.
537 1297 582 1333 11
631 1284 822 1334 16---13
876 1300 978 1335 non
1034 1288 1217 1347 iyitur,
1276 1288 1412 1336 sicut
1455 1290 1779 1350 conviciaris,
1828 1291 2137 1350 tamquam
2179 1289 2246 1344 in
2311 1325 2318 1336 .

137 1349 388 1412 asylum
428 1345 682 1399 Romuli
711 1351 955 1401 vestros
987 1353 1297 1400 nocentes
1326 1351 1691 1414 recipimus.
1754 1353 1828 1404 id.
1858 1353 1922 1403 de
1954 1368 2092 1405 cons.
2121 1368 2199 1405 ev.
2222 1366 2248 1404 1
2311 1407 2318 1418 ,

136 1418 164 1475 3
190 1416 256 1466 19
298 1417 359 1464 in
387 1415 674 1477 primordia
714 1428 811 1464 sua
851 1417 1094 1474 recolant,
1138 1413 1654 1466 facinorosorum
1696 1418 2245 1481 asylum...asy1um
2313 1429 2320 1450 *

136 1481 529 1531 constituerant·
561 1480 744 1529 Remus
792 1485 842 1528 et
890 1481 1149 1539 Romulus,
1193 1486 1252 1529 ut
1306 1482 1532 1545 quisquis
1585 1482 1929 1533 cuiuslibet
1983 1484 2245 1533 sceleris
2317 1483 2324 1492 “

135 1557 285 1595 reus
317 1558 391 1592 eo
423 1543 835 1607 confugisset,
869 1542 1146 1593 inultum
1180 1542 1445 1595 haberet
1467 1548 1879 1599 commissum.
1934 1548 2073 1599 Plut.
2093 1548 2244 1601 Rom.
2325 1587 2334 1596 .

137 1610 186 1661 9.
270 1608 465 1659 DCass.
501 1622 643 1657 nvn
675 1610 758 1660 19.
854 1608 995 1658 Flor.
1028 1622 1051 1659 1
1086 1611 1114 1658 1
1140 1612 1169 1671 ἕ
1198 1610 1248 1659 9.
1317 1609 1472 1672 Verg.
1491 1610 1622 1663 Aen.
1646 1625 1746 1661 vm
1778 1614 1893 1663 342.
1930 1626 2037 1675 esp.
2085 1613 2176 1664 ΟΥ.
2201 1614 2240 1666 f.
2331 1621 2340 1682 ξ

136 1674 329 1723 111431
353 1688 458 1736 seq.
529 1673 704 1723 lustin
744 1687 943 1723 mun
975 1676 1005 1726 ’1
1033 1677 1062 1736 3
1097 1674 1128 1723 1
1165 1672 1457 1726 conluvie
1490 1688 1923 1727 convenarum.
1987 1678 2124 1730 That
2154 1678 2244 1729 the

135 1737 372 1795 Romans
405 1752 537 1788 were
565 1737 699 1803 (ΒΗ.
724 1753 745 1789 1
779 1740 830 1801 5)
866 1741 920 1789 ἐκ
950 1739 1054 1789 τῶν
1080 1739 1400 1803 φαυλοτάτων
1432 1742 1587 1790 ἐθνῶν
1616 1744 1998 1805 συνεληλυθότα,
2036 1743 2245 1794 Rome‘s

115 1802 387 1853 'founders
413 1803 499 1868 (ib.
521 1802 571 1867 4)
599 1805 811 1853 ἀνέστιοι
843 1822 965 1855 τινες
999 1806 1078 1854 καὶ
1115 1805 1359 1866 πλάνητες
1401 1806 1481 1854 καὶ
1515 1804 1769 1869 βάρβαροι,
1792 1807 1997 1857 Rome’s
2026 1808 2245 1870 original
2347 1809 2354 1818 “

134 1868 447 1932 population
474 1867 560 1933 (ib.
585 1882 662 1916 vn
686 1870 767 1931 70)
793 1870 911 1929 ἔθνη
930 1868 1161 1933 βάρβαρα
1183 1870 1263 1919 καὶ
1287 1867 1506 1927 ἀνέστια,
1532 1870 1636 1919 and
1665 1870 1875 1919 ancient
1907 1871 2068 1922 Rome
2100 1872 2245 1922 itself

134 1932 219 2045 gb.
249 1947 275 1981 1
296 1935 382 1996 89)
407 1946 439 1981 a
462 1931 721 1994 καταφυγὴ
744 1932 1002 1997 βαρβάρων
1036 1936 1117 1983 καὶ
1140 1935 1389 1993 δραπετῶν
1414 1936 1494 1983 καὶ
1517 1933 1751 1984 ἀνεστίων
1774 1935 2049 1998 ἀνθρώπων,
2078 1950 2165 1986 are
2186 1939 2243 1986 to
2333 1929 2340 1944 ⁸

180 1998 257 2048 H.
282 1996 515 2047 slanders
545 2011 567 2048 1
589 1998 670 2046 89.
738 2010 781 2046 11
803 2000 854 2047 8.
920 2012 977 2047 1v
997 1999 1079 2050 26.
1149 1997 1347 2047 Minuc.
1369 1998 1478 2047 Fel.
1502 1999 1568 2047 25
1589 2003 1619 2061 3
1637 2000 1670 2047 2
1703 1999 1874 2060 asylo
1900 2003 2074 2062 prima
2098 2003 2243 2063 plebs

135 2069 442 2125 conqreyata
482 2068 571 2111 est.
609 2062 1053 2114 confluxerant
1088 2062 1324 2126 perditi
1361 2062 1706 2113 facinerosi
1744 2064 1977 2112 incesti
2012 2064 2244 2116 sicarii

173 2142 245 2176 ro
259 2126 528 2177 ditores.
1306 2128 1380 2186 27
1386 2128 1418 2186 5
1455 2141 1641 2177 ustrou
1664 2126 1821 2178 schoL
1857 2134 1869 2157 ⁴
1888 2142 2016 2189 quos
2040 2129 2243 2189 collegit

210 2191 429 2242 mulus?
475 2190 648 2240 lustin
670 2206 838 2241 xxvnr
861 2194 892 2242 2
914 2195 941 2254 5
963 2195 997 2241 8
1019 2207 1139 2258 quos
1164 2200 1331 2243 autem
1366 2194 1583 2241 homines
1616 2194 1863 2241 Romanos
1901 2198 2034 2241 esse?
2072 2208 2242 2256 nempe

134 2259 451 2318 pastores,
494 2258 583 2317 qui
626 2256 973 2306 latrocinio
1026 2259 1180 2307 iustis
1226 2258 1442 2306 dominis
1488 2258 1775 2319 ademptum
1816 2256 1976 2307 solum
2021 2264 2245 2311 teneant.

134 2321 329 2371 DGass.
354 2334 421 2368 Lx
442 2321 506 2370 29
529 2323 556 2381 ἕ
578 2322 609 2368 3
630 2324 850 2385 βασιλεῖς
870 2325 1102 2384 ἐγένοντο
1119 2324 1204 2384 χοὶ
1224 2325 1336 2385 πρὶν
1356 2323 1489 2372 ὄντες
1510 2323 1718 2375 αἰπόλοι.

135 2399 277 2442 Quor>
298 2388 396 2437 etc.
422 2384 588 2437 schol.
615 2389 824 2437 ‘servus
845 2390 935 2436 aut
957 2387 1170 2450 infamis
1195 2387 1277 2436 vel
1296 2387 1464 2436 latro?

904 2541 1091 2592 NOTE
1142 2542 1233 2592 ΟΝ
1279 2541 1328 2591 Χ
1373 2543 1401 2592 1
1448 2543 1478 2590 2

823 2635 860 2673 Α
891 2637 1113 2674 eminus
1147 2637 1314 2680 παπ
1351 2637 1563 2674 emens

231 2713 349 2768 The
396 2712 657 2777 following
694 2726 799 2764 was
836 2712 1174 2775 accidentally
1210 2712 1432 2761 omitted
1468 2712 1527 2761 in
1562 2727 1609 2761 s.
1637 2728 1673 2762 x
1707 2728 1767 2762 n.
1788 2713 1820 2761 1
1858 2714 1991 2765 after
2033 2717 2117 2766 ‘to
2150 2713 2244 2766 the

138 2780 415 2831 ancients.’

236 2845 362 2896 Sen.
386 2859 441 2893 n.
468 2858 520 2905 q.
559 2858 680 2905 rpr.
720 2843 832 2904 §13
868 2850 1111 2906 quantum
1140 2844 1273 2891 enim
1303 2848 1387 2901 est,
1425 2842 1592 2905 quod
1632 2843 1708 2892 ab
1751 2842 1998 2892 ultimis
2041 2843 2241 2893 litori·

138 2908 253 2962 bus
302 2908 670 2971 Hispaniae
718 2921 916 2968 usque
966 2907 1041 2957 ad
1085 2907 1275 2957 Indos
1323 2907 1529 2956 iacet?
1590 2910 2009 2970 paucissimorum
2049 2910 2243 2958 dierum

137 2977 377 3038 epatium,
405 2977 453 3022 si
475 2988 653 3023 navem
672 2987 792 3022 suus
815 2973 955 3035 ferat
976 2980 1171 3035 ventus,
1194 2974 1438 3033 implebit.
1509 2972 1649 3020 Plin.
1670 2986 1714 3020 11
1743 2975 1770 3033 ξ
1792 2972 1888 3020 242
1915 2988 2042 3036 pars
2068 2979 2244 3021 nostra

138 3039 741 3099 terrarum...lon9issime
781 3038 847 3085 ab
888 3043 1002 3085 ortu
1034 3037 1104 3085 ad
1139 3051 1365 3086 occasum
1396 3044 1558 3098 patet,
1596 3039 1690 3085 hoe
1720 3044 1793 3086 est
1825 3037 1899 3085 ab
1941 3036 2128 3085 India
2168 3035 2244 3086 ad

138 3102 451 3153 Herculis
483 3102 805 3151 columnas
852 3100 1130 3150 Gadibus
1151 3125 1153 3127 ·
1174 3102 1476 3149 sacratas.
1539 3104 1594 3162 ἐξ
1627 3102 1820 3150 243-4
1852 3104 1953 3150 two
1985 3114 2248 3150 measure·

137 3171 313 3218 ments
334 3181 423 3216 are
447 3167 619 3228 given,
648 3165 777 3214 each
807 3165 1030 3226 starting
1050 3166 1186 3215 from
1206 3165 1298 3214 the
1323 3168 1579 3226 Ganyee.
1644 3166 1728 3215 He
1751 3166 1891 3226 gives
1912 3179 2071 3226 many
2093 3164 2245 3214 ether

138 3234 558 3283 measurements
593 3230 778 3292 always
806 3229 1091 3292 ,reekening
1121 3231 1258 3278 from
1295 3230 1492 3278 Gades
1525 3233 1586 3280 to
1613 3230 1704 3278 the
1732 3232 1878 3288 west,
1911 3232 2152 3290 Ganyee
2185 3232 2244 3278 to

139 3296 228 3347 tho
253 3299 370 3346 east
397 3294 615 3357 (Sillig’s
637 3294 770 3355 ind.)
795 3294 898 3343 and
918 3295 1091 3356 places
1128 3295 1324 3343 Gades
1358 3309 1392 3342 v
1413 3297 1439 3355 ξ
1462 3295 1525 3345 76
1560 3296 1735 3343 extra
1766 3294 1994 3343 orbem.
2061 3292 2242 3349 Claud.

139 3376 318 3410 names
343 3359 519 3409 Gades
548 3374 606 3410 as
637 3358 730 3407 the
760 3358 999 3408 furthest'
1016 3361 1140 3408 west
1170 3370 1389 3407 neone.
1412 3358 1555 3407 Hon.
1575 3359 1660 3407 43.
1688 3358 1812 3407 bell.
1832 3357 1972 3407 Gild.
2003 3359 2117 3408 159.
2182 3358 2242 3408 in

141 3424 293 3474 Eut-r.
327 3438 351 3474 1
387 3426 504 3474 353.
574 3423 751 3474 Sidon.
784 3438 830 3473 c.
866 3425 896 3473 5
927 3425 1139 3474 286-7.
1205 3423 1383 3472 Ambr.
1426 3423 1490 3472 de
1529 3422 1790 3472 Abraham
1826 3436 1869 3471 11
1904 3423 2017 3483 §40
2050 3424 2114 3471 ab
2146 3422 2240 3471 In-

135 3489 272 3541 diae
338 3504 498 3552 uoque
535 3490 767 3537 litoribus
799 3485 874 3538 ad
905 3484 1213 3546 Herculis,
1240 3489 1306 3534 ut
1340 3483 1532 3542 aiunt,
1568 3485 1901 3535 columnas.
1978 3485 2166 3535 Strabo
2192 3502 2248 3549 p.

135 3556 196 3614 38
226 3571 295 3605 an
358 3568 459 3603 vnr
487 3568 566 3616 pr.
590 3553 715 3605 Luc.
746 3566 780 3601 x
808 3552 906 3604 457
925 3566 1186 3615 parvaque
1219 3565 1376 3612 regma
1399 3556 1554 3612 putat
1591 3550 1765 3612 Tyriis
1799 3562 1935 3599 cum
1967 3551 2253 3601 Gadibus

134 3618 336 3671 Indos.
364 3618 459 3671 Sil.
481 3633 548 3679 111
570 3618 714 3669 3-4.
753 3631 843 3666 xxv
864 3618 914 3668 8.
949 3629 1059 3664 xvn
1081 3616 1177 3667 637
1196 3616 1501 3664 terrarum
1522 3613 1687 3663 fines
1710 3614 1928 3665 Gades.
