2725 4317
132 292 220 349 45
254 288 354 352 46]
636 289 951 338 mvENAL
996 288 1072 337 m
1113 286 1357 337 EGYPT.
1428 285 1755 335 OANOPUS.
2090 292 2220 364 371

145 436 410 485 secturam
431 433 652 485 cohortis
671 436 728 484 in
747 439 976 485 extrema
995 439 1138 498 parte
1157 436 1415 486 tendentis
1436 437 1666 501 Aegypti.
1730 438 1786 487 id
1806 440 2042 502 supplicii
2060 457 2224 503 genus

145 499 369 562 placuit,
391 504 450 549 ut
468 500 570 549 levi
589 503 641 549 et
660 500 872 549 ioculari
891 500 1074 550 delicto
1094 515 1187 562 par
1207 502 1379 550 esset.'
1442 502 1688 563 Borghesi
1706 518 1917 553 oeuvres
1936 520 1971 555 v
1992 508 2086 555 512
2111 511 2224 569 ‘per

145 578 242 612 me
277 567 417 613 certo
449 578 558 613 non
591 567 738 626 sapro
774 564 880 613 mai
915 564 1276 627 persuademi,
1311 565 1407 613 che
1443 566 1667 614 Adriano
1697 567 1751 615 10
1779 568 1973 618 facesse
2006 571 2224 631 pretetto

145 644 184 677 0
225 628 432 677 tribuno
467 627 520 676 di
561 642 668 677 una
705 630 873 691 coorto
910 629 1116 689 quando
1151 643 1238 677 era
1277 628 1362 689 gia
1404 630 1767 691 ottuegenario,
1803 632 2223 693 premieramente

143 692 342 753 perche
364 691 440 741 010
461 692 490 741 e
513 692 691 741 affatto
711 692 1006 741 incredibile
1025 692 1082 741 in
1113 708 1187 741 un
1219 692 1445 754 principe
1478 692 1571 742 che
1600 694 1661 743 fu
1686 694 2001 745 severissimo
2019 698 2224 749 restitu-

143 761 266 805 tore
288 755 421 804 della
441 755 708 817 disciplina
725 756 966 813 militare,
987 756 1026 805 il
1047 757 1195 817 quale
1215 756 1361 805 viene
1382 756 1822 818 peniculamenta
1843 760 2014 810 lodato
2030 762 2219 823 (Spart.

143 820 319 868 Hadr.
343 819 423 884 10)
446 834 537 881 per
557 834 664 869 non
685 834 806 869 aver
824 834 1086 881 permesso
1105 820 1198 869 che
1220 820 1407 869 alcuno
1434 827 1524 869 aut
1552 823 1715 870 ntinor
1744 838 1895 884 quam
1923 826 2083 873 virtus
2106 842 2221 889 pos-

143 891 287 934 ceret
309 891 399 932 aut
419 884 614 933 maior
635 898 813 945 quam
834 886 1156 945 pateretur
1173 882 1541 942 humanitas,
1564 887 1623 933 in
1652 890 1832 935 castris
1853 895 2025 938 contra
2044 905 2221 940 morem

138 955 364 997 veterem
381 956 676 1006 versaretur,
700 962 729 998 e
749 947 935 1009 perche
959 950 1210 997 tribunum
1227 950 1332 997 nisi
1343 950 1497 1010 plena
1518 950 1672 997 barba
1692 964 1791 998 non
1815 951 1959 1012 fecit,
1984 960 2075 1001 aut
2113 957 2219 1004 eius

139 1014 353 1072 aetatis,
381 1027 502 1075 quac
521 1014 798 1074 prudentia
825 1019 875 1061 ct
907 1015 1054 1060 annis
1093 1014 1375 1061 tribtmatus
1410 1014 1559 1061 robur
1588 1014 1827 1075 impleret,
1850 1014 1979 1063 onde
2012 1017 2218 1067 sarebbe

139 1079 290 1124 stato
321 1090 395 1124 un
426 1075 650 1137 esempio
689 1078 828 1125 tutto
868 1078 1080 1137 opposto
1121 1075 1171 1125 ai
1209 1075 1321 1124 suoi
1351 1075 1586 1137 principii
1622 1077 1789 1137 quello
1820 1077 1872 1126 di
1904 1093 2011 1128 una
2051 1084 2217 1130 ooorte

141 1139 456 1188 comandata
476 1139 542 1188 da
559 1154 633 1187 un
653 1139 858 1189 vecchio
888 1139 1230 1188 rimbambito.
1295 1139 1435 1189 Vedo
1464 1139 1609 1198 bene,
1630 1140 1725 1191 che
1758 1143 1863 1190 cosi
1890 1143 1966 1191 mi
1996 1142 2217 1195 discosto

139 1203 272 1251 dall'
293 1203 533 1265 opinione
565 1203 696 1251 dello
728 1203 976 1265 scoliaste,
998 1204 1038 1251 il
1070 1204 1219 1264 quale
1249 1205 1373 1264 pero
1403 1204 1635 1253 consessa
1667 1204 1720 1252 di
1752 1218 1899 1255 avere
1930 1206 2105 1256 scritto
2137 1212 2217 1259 tre

141 1267 309 1315 secoli
327 1268 530 1316 almeno
549 1267 681 1329 dopo
700 1266 739 1316 il
759 1270 925 1329 poeta,
952 1282 984 1315 e
1001 1267 1079 1315 ch’
1095 1282 1181 1316 era
1197 1269 1301 1315 cosi
1319 1282 1445 1329 poco
1466 1266 1739 1317 informato
1758 1269 1891 1319 della
1909 1270 2114 1332 ragione
2134 1272 2217 1323 dei

140 1332 316 1393 tempi
349 1331 414 1379 da
439 1330 774 1379 contr-addirsi
799 1330 889 1393 piu
916 1331 1072 1388 volte,
1087 1331 1444 1381 confondendo
1464 1331 1531 1381 ad
1550 1332 1669 1394 ogni
1702 1346 1853 1395 passo
1886 1335 2085 1384 Nerone
2118 1350 2215 1385 con

139 1394 468 1447 DomizianO.
539 1396 616 1443 Ne
640 1395 693 1443 di
713 1395 942 1456 maggior
971 1395 1192 1444 autes-ita
1217 1396 1246 1444 ὸ
1279 1410 1373 1457 per
1408 1410 1493 1444 me
1526 1396 1577 1445 la
1612 1396 1663 1445 di
1698 1396 1773 1445 lui
1804 1396 1935 1459 Vita,
1962 1399 2162 1459 mutila,
2184 1414 2215 1449 0

140 1459 458 1521 interpolata
477 1458 572 1507 che
601 1458 694 1517 sia,
714 1459 769 1507 la
787 1460 938 1520 quale
958 1461 1108 1520 porta
1125 1459 1431 1509 falsamente
1452 1460 1489 1508 il
1510 1474 1663 1510 nome
1690 1460 1741 1510 di
1773 1460 2030 1511 Suetonio,
2085 1464 2215 1526 Oggi

140 1524 207 1571 in
229 1524 314 1572 cui
333 1522 379 1571 si
399 1524 428 1572 e
450 1523 700 1584 imparato
721 1522 815 1571 che
847 1523 1124 1572 Giovenale
1154 1521 1377 1573 scriveva
1404 1538 1590 1573 ancora
1620 1524 1709 1573 nel
1740 1526 1836 1574 880
1855 1527 2040 1588 [=A.1>.
2070 1529 2203 1591 1271,

139 1590 252 1649 pub
275 1586 520 1636 dubitat-si
541 1602 638 1635 con
658 1588 819 1635 molta
847 1586 1055 1647 ragione
1089 1600 1146 1636 se
1177 1587 1421 1637 Suetonio
1450 1588 1523 1649 gli
1554 1586 1704 1637 abbia
1741 1590 2100 1653 sopravissuto,
2126 1607 2215 1641 ma

142 1651 316 1700 anche
350 1666 504 1700 senza
539 1651 592 1699 di
626 1654 804 1713 questo
838 1649 985 1699 basta
1017 1664 1308 1712 comparare
1346 1652 1516 1712 quella
1548 1651 1667 1701 Vita
1704 1666 1801 1701 con
1834 1654 1999 1714 quelle
2034 1656 2087 1704 di
2122 1656 2214 1704 Te·

139 1715 341 1774 renzi0‚
364 1714 417 1763 di
437 1714 621 1764 Orazio
649 1729 677 1763 e
709 1714 762 1763 di
792 1714 982 1772 Persio,
1003 1726 1096 1776 per
1127 1714 1308 1763 vedere
1342 1716 1378 1764 1’
1389 1714 1595 1765 infinita
1626 1715 1901 1766 differenza
1931 1718 2023 1767 che
2060 1734 2213 1781 passa

138 1778 285 1828 della
312 1782 564 1829 esattezza
593 1778 646 1827 di
674 1779 856 1839 quella,
878 1779 930 1827 la
962 1779 1110 1839 quale
1141 1778 1231 1840 qui
1261 1778 1511 1827 dovrebbe
1544 1792 1682 1828 esser
1712 1779 1965 1843 maggiore
1996 1785 2211 1832 trattan-

137 1843 261 1892 dosi
281 1842 335 1891 di
353 1858 427 1891 un
449 1857 541 1891 suo
561 1843 1018 1904 contemporane0.'
1904 1845 1978 1903 46
2012 1860 2206 1896 muoso

141 1906 419 1968 Capitolin.
445 1908 562 1957 Ver.
587 1909 618 1955 8
639 1910 666 1967 5
687 1908 718 1955 8
739 1908 914 1955 villam
925 1914 1189 1968 praeterea
1216 1908 1465 1955 exstruxit
1484 1908 1543 1955 in
1560 1908 1649 1955 via
1672 1908 1853 1956 Clodia
1873 1908 2209 1960 famosissi-

137 1986 322 2028 mam,
345 1974 404 2020 in
421 1986 521 2033 qua
534 1972 804 2034 permultos
835 1973 940 2020 dies
961 1978 1011 2019 ct
1042 1974 1148 2033 ipse
1179 1972 1373 2031 ingenti
1401 1972 1600 2019 luxuria
1636 1971 1960 2021 debacchatus
1996 1981 2069 2022 est
2100 1990 2209 2023 cum

140 2038 342 2085 libertis
373 2038 478 2084 suis
509 2042 560 2084 et
591 2036 765 2085 amicis
794 2036 1020 2097 paribus,
1055 2049 1260 2096 quorum
1301 2036 1359 2083 in
1384 2036 1670 2095 praesentia
1700 2037 1845 2083 nulla
1878 2038 2044 2085 inerat
2074 2053 2207 2087 reve·

137 2102 329 2149 remia.
802 2112 1003 2149 muoso
1024 2112 1210 2147 canoro
1233 2112 1252 2146 1
1275 2099 1338 2147 26
1358 2113 1413 2146 n.
1437 2098 1582 2158 Prop.
1610 2112 1792 2146 1v=111
1815 2098 1875 2147 11
1898 2100 1960 2149 39
1981 2098 2207 2150 incesti

135 2166 378 2213 meretrix
407 2164 584 2225 regina
615 2161 858 2223 Canopi.
924 2162 1014 2211 Ov.
1047 2165 1112 2211 tr.
1145 2176 1168 2210 1
1199 2164 1230 2211 2
1265 2163 1325 2212 79
1360 2162 1425 2209 80
1459 2176 1572 2218 non,
1606 2168 1666 2209 ut
1706 2164 1983 2213 Alexandri
2019 2166 2209 2215 claram

137 2229 344 2276 delam
379 2230 436 2275 in
469 2229 636 2276 urbem
661 2226 669 2289 Ι
699 2224 958 2275 delicias
988 2227 1198 2284 videam,
1228 2226 1346 2273 Nile
1381 2223 1598 2283 iocose,
1626 2233 1753 2274 tuas.
1816 2226 1937 2276 Luc.
1972 2226 2105 2277 cited
2136 2243 2206 2278 on

138 2306 164 2339 1
188 2293 271 2341 89.
337 2290 404 2341 id.
432 2290 548 2339 163
571 2298 620 2339 ct
639 2293 866 2339 Romam
891 2293 1026 2351 petit
1057 2289 1297 2338 imbelli
1331 2291 1476 2350 signa
1510 2288 1765 2350 Canopo,
1837 2290 2017 2341 Strabo
2061 2292 2126 2341 cf.
2150 2307 2201 2354 p.

138 2356 240 2407 799
261 2354 316 2403 of
335 2354 424 2403 the
441 2355 638 2415 revelry
657 2358 711 2403 at
731 2353 985 2415 Taposiris
1005 2353 1110 2402 and
1129 2352 1195 2403 ib.
1224 2353 1313 2403 fin.
1341 2354 1397 2401 of
1415 2352 1504 2401 the
1524 2353 1682 2403 feasts
1702 2352 1758 2401 in
1778 2353 1867 2402 the
1894 2354 1957 2403 be
2065 2356 2203 2417 elds3

139 2420 254 2469 also
275 2419 398 2469 Hdt.
422 2433 466 2467 11
489 2420 566 2478 60)
589 2420 684 2466 800
703 2417 908 2467 Eleusis
939 2416 984 2465 is
1019 2432 1052 2466 a
1083 2418 1373 2465 settlement
1404 2430 1529 2465 near
1557 2416 1873 2467 Alexandrea
1908 2419 2011 2467 and
2045 2420 2197 2469 Niko-

137 2483 292 2545 polis,
317 2496 456 2544 upon
476 2482 565 2531 the
585 2482 724 2531 bank
744 2482 797 2530 oi
816 2482 904 2530 the
927 2480 1146 2530 canobio
1165 2481 1327 2542 canal,
1357 2482 1535 2530 διαίτας
1560 2484 1737 2542 ἔχουσα
1760 2484 1839 2531 καὶ
1874 2482 2072 2547 ἀπόψεις
2106 2488 2205 2536 τοῖς

139 2551 479 2611 καπυρίζειν
516 2549 818 2609 βουλομένας
856 2548 934 2595 καὶ
965 2547 1166 2608 ἀνδράσι
1197 2549 1276 2595 καὶ
1304 2546 1528 2607 γυναιξίν,
1552 2547 1679 2607 ἀρχή
1715 2563 1785 2595 τις
1820 2548 2204 2611 Κανωβισμοῧ

139 2615 242 2663 καὶ
263 2614 362 2671 τῆς
385 2614 504 2661 ἐκεῖ
521 2612 818 2674 λαμυρίας,
881 2611 976 2659 801
994 2609 1196 2659 vinitore
1217 2612 1272 2658 to
1293 2608 1381 2657 tho
1402 2609 1589 2670 temple
1611 2610 1664 2657 of
1688 2610 1917 2671 Sarapis:
1959 2614 2061 2664 ἀντὶ
2084 2615 2201 2663 πάν-

137 2695 240 2726 των
263 2675 302 2725 δ’
318 2679 450 2728 ἐστὶν
473 2677 499 2724 ὁ
528 2676 618 2723 τίὲν
651 2672 1014 2736 πανηγυριστῶν
1049 2676 1192 2735 ὄχλος
1224 2676 1318 2722 τῶν
1358 2676 1412 2722 ἐκ
1443 2676 1529 2733 τῆς
1556 2672 1911 2738 ’Δλεξανδρείας
1948 2676 2203 2727 κατιόντων

137 2741 209 2803 τῇ
230 2740 438 2803 διώρυγι·
459 2738 591 2789 πᾶσα
611 2738 704 2802 γὰρ
723 2739 879 2801 ἡμέρα
899 2741 975 2787 καὶ
1000 2736 1136 2787 πᾶσα
1155 2740 1236 2797 νὺξ
1262 2740 1467 2797 πληθύει
1498 2738 1592 2787 τῶν
1615 2741 1701 2798 μὲν
1728 2742 1777 2787 ἐν
1810 2741 1909 2790 τοῖς
1941 2744 2203 2802 πλοιαρίοις

138 2806 624 2865 καταυλουμένων
676 2805 772 2851 καὶ
819 2804 1297 2864 κατορχουμένων
1350 2800 1557 2861 ἀνέδην
1604 2805 1749 2860 μετά
1795 2805 1891 2862 τῆς
1944 2806 2201 2866 ἐσχάτης

137 2870 477 2926 ἀκολασίας,
509 2870 603 2917 καὶ
639 2863 859 2928 ἀνδρῶν
897 2869 990 2915 καὶ
1024 2868 1330 2928 γυναικῶν,
1361 2866 1473 2914 τῶν
1498 2863 1537 2915 δ’
1566 2868 1623 2915 ἐν
1659 2864 1810 2927 αὐτῷ
1839 2864 1917 2927 τῷ
1942 2869 2201 2932 Κανώβῳ

136 2930 487 2995 καταγωγὰς
549 2934 800 2992 ἐχόντων
859 2932 1091 2991 εὐφυεῖς
1149 2932 1291 2993 πρὸς
1349 2928 1453 2990 τήν
1517 2933 1786 2991 τοιαύτην
1840 2928 2039 2981 ἄνεσιν
2101 2937 2197 2983 καὶ

137 3000 405 3057 εὐωχίαν.
474 2995 592 3046 Sen.
617 3009 696 3056 ep.
719 2994 781 3043 51
807 2996 834 3054 5
857 2996 888 3042 3
909 2992 998 3042 the
1021 3007 1140 3053 sage
1161 2995 1221 3043 de
1254 3008 1444 3042 secessu
1464 2995 1683 3054 cogitans
1712 3008 1977 3055 numquam
2007 2995 2197 3044 Gano-

133 3075 284 3123 pum
303 3062 465 3121 eliget,
493 3061 714 3121 quamvis
744 3056 1049 3106 neminem
1082 3057 1360 3118 Canopus
1392 3070 1524 3105 esse
1553 3055 1725 3117 frugi
1752 3060 1933 3114 vetet,
1954 3073 2016 3109 nc
2036 3062 2197 3109 Baias

136 3126 340 3187 quidem
357 3141 374 3173 .-
409 3121 823 3171 diversorium
861 3120 1159 3170 vitiorum
1199 3136 1299 3169 essa
1336 3128 1611 3182 coeperunt.
1682 3119 1815 3169 illio
1852 3121 1976 3170 sibi
2009 3123 2195 3184 pluri-

134 3202 305 3237 mum
327 3186 574 3237 luxuria
603 3185 933 3247 permittit,
947 3184 1100 3241 11110,
1119 3187 1429 3245 tamquam
1461 3183 1665 3245 aliqua
1694 3183 1953 3235 licentia
1984 3186 2195 3236 debea-

133 3257 244 3303 tur
276 3253 420 3309 loco,
459 3250 654 3311 magis
686 3249 968 3299 solvitur.
1031 3252 1063 3309 ἃ
1079 3250 1112 3297 4
1143 3264 1242 3297 non
1265 3256 1457 3297 tamtum
1476 3250 1685 3309 corpori,
1706 3250 1791 3297 sed
1811 3250 1963 3298 etiam
1981 3253 2196 3300 moribus

132 3318 386 3366 salubrem
421 3317 578 3364 locum
610 3316 788 3375 eligere
822 3315 1056 3362 debemus.
1126 3314 1523 3374 quemadmodum
1558 3314 1692 3361 inter
1729 3318 1929 3362 tortores
1969 3315 2194 3364 habitare

127 3383 310 3441 nolim,
349 3382 422 3429 sic
455 3393 516 3428 nc
551 3380 684 3426 inter
707 3380 922 3440 popinas
960 3377 1174 3439 quidem.
1253 3376 1463 3425 videre
1502 3375 1703 3424 ebrios
1744 3390 1848 3437 per
1883 3376 2069 3427 litora
2106 3393 2194 3427 er·

131 3447 354 3495 rantes
382 3445 440 3492 et
470 3442 958 3490 comessationes
989 3439 1413 3501 navigantium
1446 3441 1505 3488 et
1534 3437 2037 3500 symphoniarum
2058 3456 2195 3491 can·

132 3509 308 3558 tibus
329 3508 674 3567 strepentes
694 3506 864 3553 lacus
885 3507 944 3553 et
960 3503 1098 3561 alia,
1116 3517 1268 3565 quae
1283 3504 1455 3552 velut
1470 3503 1673 3553 soluta
1693 3503 1936 3565 legibus
1950 3504 2195 3561 luxuria

131 3586 262 3622 non
293 3573 534 3621 tantum
555 3572 781 3630 peccat,
803 3567 912 3617 sed
944 3567 1238 3629 publicat,
1261 3568 1385 3629 quid·
1404 3582 1589 3617 neccsse
1612 3571 1719 3616 est?
1782 3567 2009 3630 DOhrys.
2033 3584 2105 3618 or.
2129 3572 2193 3619 32

131 3636 205 3685 ad
225 3634 613 3691 Alexandrinos,
634 3632 799 3681 where
819 3632 888 3681 he
906 3632 1026 3693 begs
1047 3632 1190 3680 them
1211 3634 1267 3679 to
1288 3632 1350 3679 be
1369 3631 1428 3679 in
1449 3632 1651 3679 earnest
1671 3630 1751 3678 for
1777 3645 1809 3679 a
1828 3632 1922 3680 few
1940 3631 2192 3685 minutes:

135 3707 150 3731 ⁶
167 3701 250 3749 for
266 3714 369 3761 you
389 3713 475 3748 are
497 3698 682 3759 always
695 3696 902 3759 play-ing
922 3696 1026 3745 and
1046 3698 1138 3744 not
1160 3694 1460 3755 attending!
1514 3694 1726 3755 Quintil.
1749 3708 1772 3743 1
1791 3696 1822 3742 2
1848 3698 1875 3756 5
1899 3698 1929 3747 7
1948 3699 2099 3746 verba
2118 3712 2194 3747 ne

130 3762 571 3813 Alexandrinis
604 3761 842 3823 quidem
873 3758 1285 3822 permittenda
1320 3758 1563 3807 deliciis
1596 3760 1705 3807 risu
1739 3766 1787 3807 et
1820 3761 1981 3809 osculo
2008 3764 2194 3824 excipi·

131 3844 259 3879 mus.
322 3828 386 3879 cf.
430 3826 632 3878 Petron.
676 3826 737 3875 31
772 3840 827 3875 n.
890 3824 1011 3875 Ath.
1049 3824 1164 3873 420·
1200 3821 1537 3872 entertainers
1574 3836 1706 3881 now,
1742 3823 2010 3888 especially
2046 3826 2194 3877 those

1780 3915 1994 3979 24—-2
